=LDR  05134cas a22010457a 4500
=001  013088163
=003  Uk
=005  20230728085342.0
=007  ta
=008  050120c18559999enkwr\n\\\\\\\0\\\a0eng\\
=FMT  \\$a  SE
=022  0\$a1746-4072$202
=040  \\$aUk$beng$cUk$dUk
=042  \\$aissnuk
=082  04$a072.861$222
=222  \4$aThe Teesdale mercury
=245  04$aThe Teesdale mercury.
=260  \\$aBarnard Castle :$bTeesdale Mercury
=310  \\$aWeekly
=336  \\$atext$2rdacontent
=337  \\$aunmediated$2rdamedia
=338  \\$avolume$2rdacarrier
=540  \\$aBritish Library not licensed to copy$c0$5Uk
=651  \0$aBarnard Castle (England)$vNewspapers.
=651  \0$aDurham (England : County)$vNewspapers.
=730  0\$aTeesdale Record Society.
=787  0\$tTeesdale Record Society : bulletin
=866  \0$aNewspapers: no. 1 (4 July 1855)- ; Print issues are not available for conservation reasons where an alternative format exists. See separate record for microfilm holdings.
=856  42$31855-1870$uhttp://www.britishnewspaperarchive.co.uk/search/results?TitleId=BL/0001059$yBritish Newspaper Archive
=852  41$31918$aBritish Library$bNPL$cEW$j609 [1918]
=852  41$31919; Unfit for use$aBritish Library$bNPL$cEW$jL1397 [1919]
=852  41$31888$aBritish Library$bNPL$cEW$j1158 [1888]
=852  41$31900$aBritish Library$bNPL$cEW$j75 [1900]
=852  41$31900$aBritish Library$bNPL$cEW$j75 [1900]
=852  41$31880$aBritish Library$bNPL$cEW$j556 [1880]
=852  \\$aBritish Library$bNPL$cEW
=852  41$aBritish Library$bNPL$jNEWS shelfmarks - see explore.bl.uk for full holdings
=852  41$aBritish Library$bHMNTS$zMicroform.$jMFM shelfmarks - see explore.bl.uk for full holdings
=852  41$aBritish Library$bNPL$jPENN shelfmarks - see explore.bl.uk for full holdings
=852  41$31905$aBritish Library$bNPL$cSCT$j905 [1905]
=852  41$31905$aBritish Library$bNPL$cSCT$j906 [1905]
=CAT  \\$a9570$b40$c20050120$lBLL01$h1358
=CAT  \\$aBATCH-UPD$b50$c20220207$lBLL01$h0759
=CAT  \\$aBATCH-856$b50$c20220214$lBLL01$h0937
=CAT  \\$aBATCH-UPD$b50$c20220214$lBLL01$h0941
=CAT  \\$aBATCH-856$b50$c20220301$lBLL01$h1509
=CAT  \\$aBATCH-UPD$b50$c20220301$lBLL01$h1511
=CAT  \\$aRESET-LEV$b50$c20220302$lBLL01$h0051
=CAT  \\$aRESET-LEV$b50$c20220401$lBLL01$h2227
=CAT  \\$aRESET-LEV$b50$c20220502$lBLL01$h0238
=CAT  \\$aRESET-LEV$b50$c20220602$lBLL01$h2121
=CAT  \\$aRESET-LEV$b50$c20220702$lBLL01$h1723
=CAT  \\$aRESET-LEV$b50$c20220802$lBLL01$h0349
=CAT  \\$aRESET-LEV$b50$c20220902$lBLL01$h2216
=CAT  \\$aRESET-LEV$b50$c20221003$lBLL01$h0409
=CAT  \\$aRESET-LEV$b50$c20221102$lBLL01$h0229
=CAT  \\$aRESET-LEV$b50$c20221202$lBLL01$h2220
=CAT  \\$aRESET-LEV$b50$c20230102$lBLL01$h0255
=CAT  \\$aRESET-LEV$b50$c20230202$lBLL01$h2122
=CAT  \\$aRESET-LEV$b50$c20230302$lBLL01$h2129
=CAT  \\$aRESET-LEV$b50$c20230403$lBLL01$h0237
=CAT  \\$aRESET-LEV$b50$c20230502$lBLL01$h0320
=CAT  \\$aRESET-LEV$b50$c20230602$lBLL01$h2221
=CAT  \\$aRESET-LEV$b50$c20230703$lBLL01$h0502
=CAT  \\$a8323N$b50$c20230728$lBLL01$h0853
=CAT  \\$aRESET-LEV$b50$c20230802$lBLL01$h0204
=CAT  \\$aRESET-LEV$b50$c20230902$lBLL01$h1730
=CAT  \\$aRESET-LEV$b50$c20231002$lBLL01$h0434
=CFI  0\$aBritish Library not licensed to copy$c0$e01-jul-2014$hC$iCFP Excluded$5Uk
=CFI  2\$aBritish Library not licensed to copy$c0$e01-apr-2014$hC$iCFP Excluded$5Uk
=FIN  \\$aY$d20050120
=LKR  \\$aPAR$b013943697$lBLL01$r776$mTeesdale mercury (Print)$nTeesdale mercury (Microfilm)
=NID  \\$aNID0000721
=TCO  \\$aCLA$bCLA$c008
=ACF  \\$aBritish Library not licensed to copy$c0$e01-apr-2012$hC$iCLA Excluded$5Uk
=ACF  \\$aBritish Library not licensed to copy$c0$e01-jan-2012$hC$iCLA Excluded$5Uk
=ACF  \\$aBritish Library not licensed to copy$c0$e01-oct-2011$hC$iCLA Excluded$5Uk
=ACF  \\$aBritish Library not licensed to copy$c0$e01-jul-2011$hC$iCLA Excluded$5Uk
=ACF  \\$aBritish Library not licensed to copy$c0$e01-apr-2011$hC$iCLA Excluded$5Uk
=ACF  \\$aBritish Library not licensed to copy$c0$e01-jan-2011$hC$iCLA Excluded$5Uk
=ACF  \\$aBritish Library not licensed to copy$c0$e01-oct-2010$hC$iCLA Excluded$5Uk
=ACF  \\$aBritish Library not licensed to copy$c0$e01-jul-2010$hC$iCLA Excluded$5Uk
=ACF  \\$aBritish Library not licensed to copy$c0$e01-jul-2012$hC$iCLA Excluded$5Uk
=ACF  \\$aBritish Library not licensed to copy$c0$e01-oct-2012$hC$iCFP Excluded$5Uk
=ACF  \\$aBritish Library not licensed to copy$c0$e01-jan-2013$hC$iCFP Excluded$5Uk
=ACF  \\$aBritish Library not licensed to copy$c0$e01-apr-2013$hC$iCFP Excluded$5Uk
=ACF  \\$aBritish Library not licensed to copy$c0$e01-jul-2013$hC$iCFP Excluded$5Uk
=ACF  \\$aBritish Library not licensed to copy$c0$e01-oct-2013$hC$iCFP Excluded$5Uk
=ACF  \\$aBritish Library not licensed to copy$c0$e01-jan-2014$hC$iCFP Excluded$5Uk
=LAS  \\$aRESET-LEV$b50$c20231002$lBLL01$h0434

