=LDR  43450cas a22087857a 4500
=001  011458322
=003  Uk
=005  20220301150950.0
=007  ta
=008  991101c18449999nikwr\n\\\\\\\0\\\a0eng\\
=FMT  \\$a  SE
=022  1\$a1468-7623$202
=040  \\$aUk$cUk$dUk
=042  \\$aissnuk
=082  04$a072.91647$222
=222  \0$aTyrone constitution
=245  00$aTyrone constitution.
=260  \\$aOmagh :$bTyrone Constitution
=310  \\$aWeekly
=336  \\$atext$2rdacontent
=337  \\$aunmediated$2rdamedia
=338  \\$avolume$2rdacarrier
=540  \\$aBritish Library not licensed to copy$c0$5Uk
=651  \0$aOmagh (Northern Ireland)$vNewspapers.
=651  \0$aTyrone (Northern Ireland)$vNewspapers.
=752  \\$aIreland$bCo. Tyrone$dOmagh.$2blnpn
=866  \0$aNewspapers :no. 1, etc. (8 Nov. 1844-29 April 1853; 3 Feb. 1854-8 March 1861; 21 March 1862-) ; Print issues are not available for conservation reasons where an alternative format exists. See separate record for microfilm holdings
=856  42$31844-1873, 1877-1884, 1886-1909$uhttp://www.britishnewspaperarchive.co.uk/search/results?TitleId=BL/0001144$yBritish Newspaper Archive
=852  41$31851$aBritish Library$bNPL$cIRL$j17 [1851]
=852  41$31852$aBritish Library$bNPL$cIRL$j26 [1852]
=852  41$31853$aBritish Library$bNPL$cIRL$j26 [1853]
=852  41$31854$aBritish Library$bNPL$cIRL$j39 [1854]
=852  41$31855$aBritish Library$bNPL$cIRL$j46 [1855]
=852  41$31856$aBritish Library$bNPL$cIRL$j57 [1856]
=852  41$31857$aBritish Library$bNPL$cIRL$j45 [1857]
=852  41$31858$aBritish Library$bNPL$cIRL$j35 [1858]
=852  41$31859$aBritish Library$bNPL$cIRL$j24 [1859]
=852  41$31860$aBritish Library$bNPL$cIRL$j43 [1860]
=852  41$31861$aBritish Library$bNPL$cIRL$j23 [1861]
=852  41$31862$aBritish Library$bNPL$cIRL$j2 [1862]
=852  41$31863$aBritish Library$bNPL$cIRL$j24 [1863]
=852  41$31864$aBritish Library$bNPL$cIRL$j1 [1864]
=852  41$31865$aBritish Library$bNPL$cIRL$j60A [1865]
=852  41$31866$aBritish Library$bNPL$cIRL$j53 [1866]
=852  41$31867$aBritish Library$bNPL$cIRL$j34 [1867]
=852  41$31868$aBritish Library$bNPL$cIRL$j55 [1868]
=852  41$31869$aBritish Library$bNPL$cIRL$j35 [1869]
=852  41$31870$aBritish Library$bNPL$cIRL$j56 [1870]
=852  41$31871$aBritish Library$bNPL$cIRL$j54 [1871]
=852  41$31872$aBritish Library$bNPL$cIRL$j43 [1872]
=852  41$31874$aBritish Library$bNPL$cIRL$j36 [1874]
=852  41$31876$aBritish Library$bNPL$cIRL$j67 [1876]
=852  41$31877$aBritish Library$bNPL$cIRL$j53 [1877]
=852  41$31878$aBritish Library$bNPL$cIRL$j34 [1878]
=852  41$31879$aBritish Library$bNPL$cIRL$j18 [1879]
=852  41$31886$aBritish Library$bNPL$cIRL$j39 [1886]
=852  41$31887$aBritish Library$bNPL$cIRL$j7 [1887]
=852  41$31888$aBritish Library$bNPL$cIRL$j54 [1888]
=852  41$31889$aBritish Library$bNPL$cIRL$j41 [1889]
=852  41$31890$aBritish Library$bNPL$cIRL$j38 [1890]
=852  41$31891$aBritish Library$bNPL$cIRL$j29 [1891]
=852  41$31892$aBritish Library$bNPL$cIRL$j21 [1892]
=852  41$31893$aBritish Library$bNPL$cIRL$j5 [1893]
=852  41$31894$aBritish Library$bNPL$cIRL$j32 [1894]
=852  41$31895$aBritish Library$bNPL$cIRL$j67 [1895]
=852  41$31856$aBritish Library$bNPL$cIRL$j55 [1856]
=852  41$31857$aBritish Library$bNPL$cIRL$j19 [1857]
=852  41$31858$aBritish Library$bNPL$cIRL$j20A [1858]
=852  41$31859$aBritish Library$bNPL$cIRL$j39A [1859]
=852  41$31860$aBritish Library$bNPL$cIRL$j41 [1860]
=852  41$31864$aBritish Library$bNPL$cIRL$j47 [1864]
=852  41$31866$aBritish Library$bNPL$cIRL$j82 [1866]
=852  41$31867$aBritish Library$bNPL$cIRL$j83 [1867]
=852  41$31868$aBritish Library$bNPL$cIRL$j90 [1868]
=852  41$31869$aBritish Library$bNPL$cIRL$j103 [1869]
=852  41$31870$aBritish Library$bNPL$cIRL$j99 [1870]
=852  41$31887$aBritish Library$bNPL$cIRL$j5 [1887]
=852  41$31889$aBritish Library$bNPL$cIRL$j79 [1889]
=852  41$31890$aBritish Library$bNPL$cIRL$j65 [1890]
=852  41$31891$aBritish Library$bNPL$cIRL$j64 [1891]
=852  41$31892$aBritish Library$bNPL$cIRL$j20 [1892]
=852  41$31893$aBritish Library$bNPL$cIRL$j99 [1893]
=852  41$31894$aBritish Library$bNPL$cIRL$j29 [1894]
=852  41$31895$aBritish Library$bNPL$cIRL$j74 [1895]
=852  41$31856$aBritish Library$bNPL$cIRL$j55 [1856]
=852  41$31857$aBritish Library$bNPL$cIRL$j19 [1857]
=852  41$31858$aBritish Library$bNPL$cIRL$j20A [1858]
=852  41$31859$aBritish Library$bNPL$cIRL$j39A [1859]
=852  41$31860$aBritish Library$bNPL$cIRL$j41 [1860]
=852  41$31864$aBritish Library$bNPL$cIRL$j47 [1864]
=852  41$31866$aBritish Library$bNPL$cIRL$j82 [1866]
=852  41$31867$aBritish Library$bNPL$cIRL$j83 [1867]
=852  41$31868$aBritish Library$bNPL$cIRL$j90 [1868]
=852  41$31869$aBritish Library$bNPL$cIRL$j103 [1869]
=852  41$31870$aBritish Library$bNPL$cIRL$j99 [1870]
=852  41$31887$aBritish Library$bNPL$cIRL$j5 [1887]
=852  41$31889$aBritish Library$bNPL$cIRL$j79 [1889]
=852  41$31890$aBritish Library$bNPL$cIRL$j65 [1890]
=852  41$31891$aBritish Library$bNPL$cIRL$j64 [1891]
=852  41$31892$aBritish Library$bNPL$cIRL$j20 [1892]
=852  41$31893$aBritish Library$bNPL$cIRL$j99 [1893]
=852  41$31894$aBritish Library$bNPL$cIRL$j29 [1894]
=852  41$31895$aBritish Library$bNPL$cIRL$j74 [1895]
=852  41$31893$aBritish Library$bNPL$cIRL$j57 [1893]
=852  41$31879$aBritish Library$bNPL$cIRL$j67 [1879]
=852  41$31885$aBritish Library$bNPL$cIRL$j8 [1885]
=852  41$31889$aBritish Library$bNPL$cIRL$j50 [1889]
=852  41$31868$aBritish Library$bNPL$cIRL$j10 [1868]
=852  41$31882$aBritish Library$bNPL$cIRL$j64 [1882]
=852  41$31894$aBritish Library$bNPL$cIRL$j34 [1894]
=852  41$31883$aBritish Library$bNPL$cIRL$j61 [1883]
=852  41$31887$aBritish Library$bNPL$cIRL$j15 [1887]
=852  41$31869$aBritish Library$bNPL$cIRL$j47 [1869]
=852  41$31895$aBritish Library$bNPL$cIRL$j73 [1895]
=852  41$31870$aBritish Library$bNPL$cIRL$j18 [1870]
=852  41$31892$aBritish Library$bNPL$cIRL$j26 [1892]
=852  41$31851$aBritish Library$bNPL$cIRL$j21 [1851]
=852  41$31856$aBritish Library$bNPL$cIRL$j58 [1856]
=852  41$31888$aBritish Library$bNPL$cIRL$j71A [1888]
=852  41$31890$aBritish Library$bNPL$cIRL$j47 [1890]
=852  41$31891$aBritish Library$bNPL$cIRL$j76 [1891]
=852  41$31860$aBritish Library$bNPL$cIRL$j57 [1860]
=852  41$31852$aBritish Library$bNPL$cIRL$j29 [1852]
=852  41$31854$aBritish Library$bNPL$cIRL$j58 [1854]
=852  41$31857$aBritish Library$bNPL$cIRL$j26 [1857]
=852  41$31855$aBritish Library$bNPL$cIRL$j32 [1855]
=852  41$31862$aBritish Library$bNPL$cIRL$j521 [1862]
=852  41$31864$aBritish Library$bNPL$cIRL$j61 [1864]
=852  41$31863$aBritish Library$bNPL$cIRL$j57 [1863]
=852  41$31865$aBritish Library$bNPL$cIRL$j6 [1865]
=852  41$31866$aBritish Library$bNPL$cIRL$j44 [1866]
=852  41$31867$aBritish Library$bNPL$cIRL$j48 [1867]
=852  41$31853$aBritish Library$bNPL$cIRL$j16 [1853]
=852  41$31858$aBritish Library$bNPL$cIRL$j48 [1858]
=852  41$31859$aBritish Library$bNPL$cIRL$j63 [1859]
=852  41$31861$aBritish Library$bNPL$cIRL$j26 [1861]
=852  41$31886$aBritish Library$bNPL$cIRL$j23 [1886]
=852  41$31896$aBritish Library$bNPL$cIRL$j39 [1896]
=852  41$31856$aBritish Library$bNPL$cIRL$j55 [1856]
=852  41$31857$aBritish Library$bNPL$cIRL$j19 [1857]
=852  41$31858$aBritish Library$bNPL$cIRL$j20A [1858]
=852  41$31859$aBritish Library$bNPL$cIRL$j39A [1859]
=852  41$31860$aBritish Library$bNPL$cIRL$j41 [1860]
=852  41$31864$aBritish Library$bNPL$cIRL$j47 [1864]
=852  41$31866$aBritish Library$bNPL$cIRL$j82 [1866]
=852  41$31867$aBritish Library$bNPL$cIRL$j83 [1867]
=852  41$31868$aBritish Library$bNPL$cIRL$j90 [1868]
=852  41$31869$aBritish Library$bNPL$cIRL$j103 [1869]
=852  41$31870$aBritish Library$bNPL$cIRL$j99 [1870]
=852  41$31887$aBritish Library$bNPL$cIRL$j5 [1887]
=852  41$31889$aBritish Library$bNPL$cIRL$j79 [1889]
=852  41$31890$aBritish Library$bNPL$cIRL$j65 [1890]
=852  41$31891$aBritish Library$bNPL$cIRL$j64 [1891]
=852  41$31892$aBritish Library$bNPL$cIRL$j20 [1892]
=852  41$31893$aBritish Library$bNPL$cIRL$j99 [1893]
=852  41$31894$aBritish Library$bNPL$cIRL$j29 [1894]
=852  41$31895$aBritish Library$bNPL$cIRL$j74 [1895]
=852  41$31857$aBritish Library$bNPL$cIRL$j3 [1857]
=852  41$31858$aBritish Library$bNPL$cIRL$j47 [1858]
=852  41$31859$aBritish Library$bNPL$cIRL$j40 [1859]
=852  41$31860$aBritish Library$bNPL$cIRL$j42 [1860]
=852  41$31861$aBritish Library$bNPL$cIRL$j22 [1861]
=852  41$31862$aBritish Library$bNPL$cIRL$j1 [1862]
=852  41$31863$aBritish Library$bNPL$cIRL$j26 [1863]
=852  41$31863$aBritish Library$bNPL$cIRL$j25 [1863]
=852  41$31864$aBritish Library$bNPL$cIRL$j30 [1864]
=852  41$31864$aBritish Library$bNPL$cIRL$j29 [1864]
=852  41$31865$aBritish Library$bNPL$cIRL$j54 [1865]
=852  41$31865$aBritish Library$bNPL$cIRL$j53 [1865]
=852  41$31866$aBritish Library$bNPL$cIRL$j52 [1866]
=852  41$31867$aBritish Library$bNPL$cIRL$j31 [1867]
=852  41$31868$aBritish Library$bNPL$cIRL$j53 [1868]
=852  41$31869$aBritish Library$bNPL$cIRL$j98 [1869]
=852  41$31870$aBritish Library$bNPL$cIRL$j99 [1870]
=852  41$31856$aBritish Library$bNPL$cIRL$j55 [1856]
=852  41$31857$aBritish Library$bNPL$cIRL$j19 [1857]
=852  41$31858$aBritish Library$bNPL$cIRL$j20A [1858]
=852  41$31859$aBritish Library$bNPL$cIRL$j39A [1859]
=852  41$31860$aBritish Library$bNPL$cIRL$j41 [1860]
=852  41$31864$aBritish Library$bNPL$cIRL$j47 [1864]
=852  41$31866$aBritish Library$bNPL$cIRL$j82 [1866]
=852  41$31867$aBritish Library$bNPL$cIRL$j83 [1867]
=852  41$31868$aBritish Library$bNPL$cIRL$j90 [1868]
=852  41$31869$aBritish Library$bNPL$cIRL$j103 [1869]
=852  41$31870$aBritish Library$bNPL$cIRL$j99 [1870]
=852  41$31887$aBritish Library$bNPL$cIRL$j5 [1887]
=852  41$31889$aBritish Library$bNPL$cIRL$j79 [1889]
=852  41$31890$aBritish Library$bNPL$cIRL$j65 [1890]
=852  41$31891$aBritish Library$bNPL$cIRL$j64 [1891]
=852  41$31892$aBritish Library$bNPL$cIRL$j20 [1892]
=852  41$31893$aBritish Library$bNPL$cIRL$j99 [1893]
=852  41$31894$aBritish Library$bNPL$cIRL$j29 [1894]
=852  41$31895$aBritish Library$bNPL$cIRL$j74 [1895]
=852  41$31858$aBritish Library$bNPL$cIRL$j27 [1858]
=852  41$31859$aBritish Library$bNPL$cIRL$j70 [1859]
=852  41$31860$aBritish Library$bNPL$cIRL$j65 [1860]
=852  41$31861$aBritish Library$bNPL$cIRL$j10 [1861]
=852  41$31862$aBritish Library$bNPL$cIRL$j66 [1862]
=852  41$31863$aBritish Library$bNPL$cIRL$j25 [1863]
=852  41$31864$aBritish Library$bNPL$cIRL$j2 [1864]
=852  41$31865$aBritish Library$bNPL$cIRL$j52 [1865]
=852  41$31866$aBritish Library$bNPL$cIRL$j56 [1866]
=852  41$31867$aBritish Library$bNPL$cIRL$j83 [1867]
=852  41$31868$aBritish Library$bNPL$cIRL$j51 [1868]
=852  41$31869$aBritish Library$bNPL$cIRL$j31 [1869]
=852  41$31870$aBritish Library$bNPL$cIRL$j45 [1870]
=852  41$31871$aBritish Library$bNPL$cIRL$j50 [1871]
=852  41$31872$aBritish Library$bNPL$cIRL$j37 [1872]
=852  41$31873$aBritish Library$bNPL$cIRL$j40 [1873]
=852  41$31874$aBritish Library$bNPL$cIRL$j40 [1874]
=852  41$31876$aBritish Library$bNPL$cIRL$j70 [1876]
=852  41$31877$aBritish Library$bNPL$cIRL$j52 [1877]
=852  41$31878$aBritish Library$bNPL$cIRL$j41 [1878]
=852  41$31879$aBritish Library$bNPL$cIRL$j12 [1879]
=852  41$31880$aBritish Library$bNPL$cIRL$j46 [1880]
=852  41$31882$aBritish Library$bNPL$cIRL$j34 [1882]
=852  41$31883$aBritish Library$bNPL$cIRL$j48 [1883]
=852  41$31884$aBritish Library$bNPL$cIRL$j13 [1884]
=852  41$31885$aBritish Library$bNPL$cIRL$j64A [1885]
=852  41$31886$aBritish Library$bNPL$cIRL$j31 [1886]
=852  41$31887$aBritish Library$bNPL$cIRL$j40 [1887]
=852  41$31888$aBritish Library$bNPL$cIRL$j83 [1888]
=852  41$31889$aBritish Library$bNPL$cIRL$j103 [1889]
=852  41$31890$aBritish Library$bNPL$cIRL$j77A [1890]
=852  41$31891$aBritish Library$bNPL$cIRL$j65 [1891]
=852  41$31892$aBritish Library$bNPL$cIRL$j32 [1892]
=852  41$31893$aBritish Library$bNPL$cIRL$j83 [1893]
=852  41$31894$aBritish Library$bNPL$cIRL$j28 [1894]
=852  41$31895$aBritish Library$bNPL$cIRL$j104 [1895]
=852  41$31896$aBritish Library$bNPL$cIRL$j25 [1896]
=852  41$31911$aBritish Library$bNPL$cIRL$j311 [1911]
=852  41$31856$aBritish Library$bNPL$cIRL$j55 [1856]
=852  41$31857$aBritish Library$bNPL$cIRL$j19 [1857]
=852  41$31858$aBritish Library$bNPL$cIRL$j20A [1858]
=852  41$31859$aBritish Library$bNPL$cIRL$j39A [1859]
=852  41$31860$aBritish Library$bNPL$cIRL$j41 [1860]
=852  41$31864$aBritish Library$bNPL$cIRL$j47 [1864]
=852  41$31866$aBritish Library$bNPL$cIRL$j82 [1866]
=852  41$31867$aBritish Library$bNPL$cIRL$j83 [1867]
=852  41$31868$aBritish Library$bNPL$cIRL$j90 [1868]
=852  41$31869$aBritish Library$bNPL$cIRL$j103 [1869]
=852  41$31870$aBritish Library$bNPL$cIRL$j99 [1870]
=852  41$31887$aBritish Library$bNPL$cIRL$j5 [1887]
=852  41$31889$aBritish Library$bNPL$cIRL$j79 [1889]
=852  41$31890$aBritish Library$bNPL$cIRL$j65 [1890]
=852  41$31891$aBritish Library$bNPL$cIRL$j64 [1891]
=852  41$31892$aBritish Library$bNPL$cIRL$j20 [1892]
=852  41$31893$aBritish Library$bNPL$cIRL$j99 [1893]
=852  41$31894$aBritish Library$bNPL$cIRL$j29 [1894]
=852  41$31895$aBritish Library$bNPL$cIRL$j74 [1895]
=852  41$31860$aBritish Library$bNPL$cIRL$j28 [1860]
=852  \\$aBritish Library$bNPL$cIRL
=852  \\$aBritish Library$bNPL$cIRL
=852  \\$aBritish Library$bNPL$cIRL
=852  \\$aBritish Library$bNPL$cIRL
=852  \\$aBritish Library$bNPL$cIRL
=852  \\$aBritish Library$bNPL$cIRL
=852  41$31851$aBritish Library$bNPL$cIRL$j29 [1851]
=852  41$31852$aBritish Library$bNPL$cIRL$j52 [1852]
=852  41$31853$aBritish Library$bNPL$cIRL$j29 [1853]
=852  41$31854$aBritish Library$bNPL$cIRL$j36 [1854]
=852  41$31855$aBritish Library$bNPL$cIRL$j58 [1855]
=852  41$31856$aBritish Library$bNPL$cIRL$j42 [1856]
=852  41$31857$aBritish Library$bNPL$cIRL$j49 [1857]
=852  41$31858$aBritish Library$bNPL$cIRL$j45 [1858]
=852  41$31859$aBritish Library$bNPL$cIRL$j61 [1859]
=852  41$31863$aBritish Library$bNPL$cIRL$j59 [1863]
=852  41$31861$aBritish Library$bNPL$cIRL$j29 [1861]
=852  41$31862$aBritish Library$bNPL$cIRL$j55 [1862]
=852  41$31864$aBritish Library$bNPL$cIRL$j54 [1864]
=852  41$31865$aBritish Library$bNPL$cIRL$j34 [1865]
=852  41$31866$aBritish Library$bNPL$cIRL$j40 [1866]
=852  41$31867$aBritish Library$bNPL$cIRL$j28 [1867]
=852  41$31868$aBritish Library$bNPL$cIRL$j11 [1868]
=852  41$31869$aBritish Library$bNPL$cIRL$j46 [1869]
=852  41$31870$aBritish Library$bNPL$cIRL$j19 [1870]
=852  41$31871$aBritish Library$bNPL$cIRL$j67 [1871]
=852  41$31872$aBritish Library$bNPL$cIRL$j66 [1872]
=852  41$31873$aBritish Library$bNPL$cIRL$j1 [1873]
=852  41$31879$aBritish Library$bNPL$cIRL$j68 [1879]
=852  41$31880$aBritish Library$bNPL$cIRL$j74 [1880]
=852  41$31881$aBritish Library$bNPL$cIRL$j13 [1881]
=852  41$31882$aBritish Library$bNPL$cIRL$j43 [1882]
=852  41$31883$aBritish Library$bNPL$cIRL$j59 [1883]
=852  41$31884$aBritish Library$bNPL$cIRL$j15 [1884]
=852  41$31886$aBritish Library$bNPL$cIRL$j47 [1886]
=852  41$31888$aBritish Library$bNPL$cIRL$j75 [1888]
=852  41$31889$aBritish Library$bNPL$cIRL$j51 [1889]
=852  41$31915$aBritish Library$bNPL$cIRL$j95 [1915]
=852  41$31881$aBritish Library$bNPL$cIRL$j13 [1881]
=852  41$31882$aBritish Library$bNPL$cIRL$j68 [1882]
=852  41$31883$aBritish Library$bNPL$cIRL$j58 [1883]
=852  41$31884$aBritish Library$bNPL$cIRL$j25 [1884]
=852  41$31885$aBritish Library$bNPL$cIRL$j1 [1885]
=852  41$31886$aBritish Library$bNPL$cIRL$j47 [1886]
=852  41$31887$aBritish Library$bNPL$cIRL$j7 [1887]
=852  41$31888$aBritish Library$bNPL$cIRL$j55 [1888]
=852  41$31889$aBritish Library$bNPL$cIRL$j38 [1889]
=852  41$31891$aBritish Library$bNPL$cIRL$jL212 [1891]
=852  41$31915$aBritish Library$bNPL$cIRL$j95 [1915]
=852  41$31881$aBritish Library$bNPL$cIRL$j13 [1881]
=852  41$31882$aBritish Library$bNPL$cIRL$j68 [1882]
=852  41$31883$aBritish Library$bNPL$cIRL$j58 [1883]
=852  41$31884$aBritish Library$bNPL$cIRL$j25 [1884]
=852  41$31885$aBritish Library$bNPL$cIRL$j1 [1885]
=852  41$31886$aBritish Library$bNPL$cIRL$j47 [1886]
=852  41$31887$aBritish Library$bNPL$cIRL$j7 [1887]
=852  41$31888$aBritish Library$bNPL$cIRL$j55 [1888]
=852  41$31889$aBritish Library$bNPL$cIRL$j38 [1889]
=852  41$31891$aBritish Library$bNPL$cIRL$jL212 [1891]
=852  41$31868$aBritish Library$bNPL$cIRL$j12 [1868]
=852  41$31869$aBritish Library$bNPL$cIRL$j57 [1869]
=852  41$31870$aBritish Library$bNPL$cIRL$j23 [1870]
=852  41$31871$aBritish Library$bNPL$cIRL$j8 [1871]
=852  41$31872$aBritish Library$bNPL$cIRL$j10 [1872]
=852  41$31873$aBritish Library$bNPL$cIRL$j36 [1873]
=852  41$31874$aBritish Library$bNPL$cIRL$j32 [1874]
=852  41$31875$aBritish Library$bNPL$cIRL$j41 [1875]
=852  41$31876$aBritish Library$bNPL$cIRL$j65 [1876]
=852  41$31878$aBritish Library$bNPL$cIRL$j34 [1878]
=852  41$31883$aBritish Library$bNPL$cIRL$jM20162
=852  41$31884$aBritish Library$bNPL$cIRL$jM14064
=852  41$31889$aBritish Library$bNPL$cIRL$jL39 [1889]
=852  41$31891$aBritish Library$bNPL$cIRL$jL212 [1891]
=852  41$31851$aBritish Library$bNPL$cIRL$j17 [1851]
=852  41$31852$aBritish Library$bNPL$cIRL$j26 [1852]
=852  41$31853$aBritish Library$bNPL$cIRL$j26 [1853]
=852  41$31854$aBritish Library$bNPL$cIRL$j39 [1854]
=852  41$31855$aBritish Library$bNPL$cIRL$j46 [1855]
=852  41$31856$aBritish Library$bNPL$cIRL$j57 [1856]
=852  41$31857$aBritish Library$bNPL$cIRL$j45 [1857]
=852  41$31858$aBritish Library$bNPL$cIRL$j35 [1858]
=852  41$31859$aBritish Library$bNPL$cIRL$j24 [1859]
=852  41$31860$aBritish Library$bNPL$cIRL$j43 [1860]
=852  41$31861$aBritish Library$bNPL$cIRL$j23 [1861]
=852  41$31862$aBritish Library$bNPL$cIRL$j2 [1862]
=852  41$31863$aBritish Library$bNPL$cIRL$j24 [1863]
=852  41$31864$aBritish Library$bNPL$cIRL$j1 [1864]
=852  41$31865$aBritish Library$bNPL$cIRL$j60A [1865]
=852  41$31866$aBritish Library$bNPL$cIRL$j53 [1866]
=852  41$31867$aBritish Library$bNPL$cIRL$j34 [1867]
=852  41$31868$aBritish Library$bNPL$cIRL$j55 [1868]
=852  41$31869$aBritish Library$bNPL$cIRL$j35 [1869]
=852  41$31870$aBritish Library$bNPL$cIRL$j56 [1870]
=852  41$31871$aBritish Library$bNPL$cIRL$j54 [1871]
=852  41$31872$aBritish Library$bNPL$cIRL$j43 [1872]
=852  41$31874$aBritish Library$bNPL$cIRL$j36 [1874]
=852  41$31876$aBritish Library$bNPL$cIRL$j67 [1876]
=852  41$31877$aBritish Library$bNPL$cIRL$j53 [1877]
=852  41$31878$aBritish Library$bNPL$cIRL$j34 [1878]
=852  41$31879$aBritish Library$bNPL$cIRL$j18 [1879]
=852  41$31886$aBritish Library$bNPL$cIRL$j39 [1886]
=852  41$31887$aBritish Library$bNPL$cIRL$j7 [1887]
=852  41$31888$aBritish Library$bNPL$cIRL$j54 [1888]
=852  41$31889$aBritish Library$bNPL$cIRL$j41 [1889]
=852  41$31890$aBritish Library$bNPL$cIRL$j38 [1890]
=852  41$31891$aBritish Library$bNPL$cIRL$j29 [1891]
=852  41$31892$aBritish Library$bNPL$cIRL$j21 [1892]
=852  41$31893$aBritish Library$bNPL$cIRL$j5 [1893]
=852  41$31894$aBritish Library$bNPL$cIRL$j32 [1894]
=852  41$31895$aBritish Library$bNPL$cIRL$j67 [1895]
=852  41$31851$aBritish Library$bNPL$cIRL$j17 [1851]
=852  41$31852$aBritish Library$bNPL$cIRL$j26 [1852]
=852  41$31853$aBritish Library$bNPL$cIRL$j3 [1853]
=852  41$31854$aBritish Library$bNPL$cIRL$j55 [1854]
=852  41$31855$aBritish Library$bNPL$cIRL$j9 [1855]
=852  41$31856$aBritish Library$bNPL$cIRL$j15 [1856]
=852  41$31857$aBritish Library$bNPL$cIRL$j6 [1857]
=852  41$31858$aBritish Library$bNPL$cIRL$j3 [1858]
=852  41$31859$aBritish Library$bNPL$cIRL$j55 [1859]
=852  41$31860$aBritish Library$bNPL$cIRL$j67 [1860]
=852  41$31861$aBritish Library$bNPL$cIRL$j7 [1861]
=852  41$31862$aBritish Library$bNPL$cIRL$j12 [1862]
=852  41$31863$aBritish Library$bNPL$cIRL$j66 [1863]
=852  41$31864$aBritish Library$bNPL$cIRL$j14 [1864]
=852  41$31865$aBritish Library$bNPL$cIRL$j55 [1865]
=852  41$31866$aBritish Library$bNPL$cIRL$j19 [1866]
=852  41$31867$aBritish Library$bNPL$cIRL$j29 [1867]
=852  41$31868$aBritish Library$bNPL$cIRL$j70 [1868]
=852  41$31869$aBritish Library$bNPL$cIRL$j13 [1869]
=852  41$31870$aBritish Library$bNPL$cIRL$j26 [1870]
=852  41$31872$aBritish Library$bNPL$cIRL$j60 [1872]
=852  41$31873$aBritish Library$bNPL$cIRL$j16 [1873]
=852  41$31874$aBritish Library$bNPL$cIRL$j54 [1874]
=852  41$31875$aBritish Library$bNPL$cIRL$j50 [1875]
=852  41$31876$aBritish Library$bNPL$cIRL$j56 [1876]
=852  41$31877$aBritish Library$bNPL$cIRL$j38 [1877]
=852  41$31878$aBritish Library$bNPL$cIRL$j35 [1878]
=852  41$31879$aBritish Library$bNPL$cIRL$j17 [1879]
=852  41$31880$aBritish Library$bNPL$cIRL$j42 [1880]
=852  41$31882$aBritish Library$bNPL$cIRL$j37 [1882]
=852  41$31883$aBritish Library$bNPL$cIRL$j50 [1883]
=852  41$31884$aBritish Library$bNPL$cIRL$j14 [1884]
=852  41$31886$aBritish Library$bNPL$cIRL$j40 [1886]
=852  41$31887$aBritish Library$bNPL$cIRL$j8 [1887]
=852  41$31888$aBritish Library$bNPL$cIRL$j75A [1888]
=852  41$31889$aBritish Library$bNPL$cIRL$j45 [1889]
=852  41$31890$aBritish Library$bNPL$cIRL$j40 [1890]
=852  41$31891$aBritish Library$bNPL$cIRL$j35 [1891]
=852  41$31892$aBritish Library$bNPL$cIRL$j8 [1892]
=852  41$31893$aBritish Library$bNPL$cIRL$j10 [1893]
=852  41$31895$aBritish Library$bNPL$cIRL$j16 [1895]
=852  41$31896$aBritish Library$bNPL$cIRL$j90 [1896]
=852  41$31851$aBritish Library$bNPL$cIRL$j44 [1851]
=852  41$31852$aBritish Library$bNPL$cIRL$j56 [1852]
=852  41$31853$aBritish Library$bNPL$cIRL$j47 [1853]
=852  41$31854$aBritish Library$bNPL$cIRL$j49 [1854]
=852  41$31855$aBritish Library$bNPL$cIRL$j46 [1855]
=852  41$31856$aBritish Library$bNPL$cIRL$j16A [1856]
=852  41$31857$aBritish Library$bNPL$cIRL$j18 [1857]
=852  41$31858$aBritish Library$bNPL$cIRL$j38A [1858]
=852  41$31859$aBritish Library$bNPL$cIRL$j21 [1859]
=852  41$31862$aBritish Library$bNPL$cIRL$j24 [1862]
=852  41$31864$aBritish Library$bNPL$cIRL$j5 [1864]
=852  41$31865$aBritish Library$bNPL$cIRL$j33 [1865]
=852  41$31866$aBritish Library$bNPL$cIRL$j39 [1866]
=852  41$31867$aBritish Library$bNPL$cIRL$j20 [1867]
=852  41$31868$aBritish Library$bNPL$cIRL$j52 [1868]
=852  41$31869$aBritish Library$bNPL$cIRL$j29 [1869]
=852  41$31870$aBritish Library$bNPL$cIRL$j44 [1870]
=852  41$31871$aBritish Library$bNPL$cIRL$j50 [1871]
=852  41$31872$aBritish Library$bNPL$cIRL$j35 [1872]
=852  41$31873$aBritish Library$bNPL$cIRL$j43 [1873]
=852  41$31874$aBritish Library$bNPL$cIRL$j35 [1874]
=852  41$31875$aBritish Library$bNPL$cIRL$j21 [1875]
=852  41$31876$aBritish Library$bNPL$cIRL$j68 [1876]
=852  41$31877$aBritish Library$bNPL$cIRL$j51 [1877]
=852  41$31878$aBritish Library$bNPL$cIRL$j31 [1878]
=852  41$31879$aBritish Library$bNPL$cIRL$j16 [1879]
=852  41$31856$aBritish Library$bNPL$cIRL$j54 [1856]
=852  41$31857$aBritish Library$bNPL$cIRL$j41 [1857]
=852  41$31858$aBritish Library$bNPL$cIRL$j39 [1858]
=852  41$31862$aBritish Library$bNPL$cIRL$j49 [1862]
=852  41$31860$aBritish Library$bNPL$cIRL$j49 [1860]
=852  41$31861$aBritish Library$bNPL$cIRL$j27 [1861]
=852  41$31863$aBritish Library$bNPL$cIRL$j32 [1863]
=852  41$31851$aBritish Library$bNPL$cIRL$j45 [1851]
=852  41$31859$aBritish Library$bNPL$cIRL$j31 [1859]
=852  41$31866$aBritish Library$bNPL$cIRL$j65 [1866]
=852  41$31867$aBritish Library$bNPL$cIRL$j73 [1867]
=852  41$31868$aBritish Library$bNPL$cIRL$j54 [1868]
=852  41$31852$aBritish Library$bNPL$cIRL$j53 [1852]
=852  41$31854$aBritish Library$bNPL$cIRL$j10A [1854]
=852  41$31853$aBritish Library$bNPL$cIRL$j41 [1853]
=852  41$31855$aBritish Library$bNPL$cIRL$j13 [1855]
=852  41$31865$aBritish Library$bNPL$cIRL$j52 [1865]
=852  41$31864$aBritish Library$bNPL$cIRL$j47 [1864]
=852  41$31869$aBritish Library$bNPL$cIRL$j34 [1869]
=852  41$31860$aBritish Library$bNPL$cIRL$j28 [1860]
=852  \\$aBritish Library$bNPL$cIRL
=852  \\$aBritish Library$bNPL$cIRL
=852  \\$aBritish Library$bNPL$cIRL
=852  \\$aBritish Library$bNPL$cIRL
=852  \\$aBritish Library$bNPL$cIRL
=852  \\$aBritish Library$bNPL$cIRL
=852  41$31851$aBritish Library$bNPL$cIRL$j29 [1851]
=852  41$31852$aBritish Library$bNPL$cIRL$j52 [1852]
=852  41$31853$aBritish Library$bNPL$cIRL$j29 [1853]
=852  41$31854$aBritish Library$bNPL$cIRL$j36 [1854]
=852  41$31855$aBritish Library$bNPL$cIRL$j58 [1855]
=852  41$31856$aBritish Library$bNPL$cIRL$j42 [1856]
=852  41$31857$aBritish Library$bNPL$cIRL$j49 [1857]
=852  41$31858$aBritish Library$bNPL$cIRL$j45 [1858]
=852  41$31859$aBritish Library$bNPL$cIRL$j61 [1859]
=852  41$31863$aBritish Library$bNPL$cIRL$j59 [1863]
=852  41$31861$aBritish Library$bNPL$cIRL$j29 [1861]
=852  41$31862$aBritish Library$bNPL$cIRL$j55 [1862]
=852  41$31864$aBritish Library$bNPL$cIRL$j54 [1864]
=852  41$31865$aBritish Library$bNPL$cIRL$j34 [1865]
=852  41$31866$aBritish Library$bNPL$cIRL$j40 [1866]
=852  41$31867$aBritish Library$bNPL$cIRL$j28 [1867]
=852  41$31868$aBritish Library$bNPL$cIRL$j11 [1868]
=852  41$31869$aBritish Library$bNPL$cIRL$j46 [1869]
=852  41$31870$aBritish Library$bNPL$cIRL$j19 [1870]
=852  41$31871$aBritish Library$bNPL$cIRL$j67 [1871]
=852  41$31872$aBritish Library$bNPL$cIRL$j66 [1872]
=852  41$31873$aBritish Library$bNPL$cIRL$j1 [1873]
=852  41$31879$aBritish Library$bNPL$cIRL$j68 [1879]
=852  41$31880$aBritish Library$bNPL$cIRL$j74 [1880]
=852  41$31881$aBritish Library$bNPL$cIRL$j13 [1881]
=852  41$31882$aBritish Library$bNPL$cIRL$j43 [1882]
=852  41$31883$aBritish Library$bNPL$cIRL$j59 [1883]
=852  41$31884$aBritish Library$bNPL$cIRL$j15 [1884]
=852  41$31886$aBritish Library$bNPL$cIRL$j47 [1886]
=852  41$31888$aBritish Library$bNPL$cIRL$j75 [1888]
=852  41$31889$aBritish Library$bNPL$cIRL$j51 [1889]
=852  41$31851$aBritish Library$bNPL$cIRL$j27 [1851]
=852  41$31852$aBritish Library$bNPL$cIRL$j1 [1852]
=852  41$31853$aBritish Library$bNPL$cIRL$j37 [1853]
=852  41$31854$aBritish Library$bNPL$cIRL$j17 [1854]
=852  41$31855$aBritish Library$bNPL$cIRL$j51 [1855]
=852  41$31856$aBritish Library$bNPL$cIRL$j62 [1856]
=852  41$31857$aBritish Library$bNPL$cIRL$j47 [1857]
=852  41$31858$aBritish Library$bNPL$cIRL$j37 [1858]
=852  41$31859$aBritish Library$bNPL$cIRL$j33 [1859]
=852  41$31860$aBritish Library$bNPL$cIRL$j51 [1860]
=852  41$31861$aBritish Library$bNPL$cIRL$j28 [1861]
=852  41$31862$aBritish Library$bNPL$cIRL$j50 [1862]
=852  41$31863$aBritish Library$bNPL$cIRL$j26A [1863]
=852  41$31864$aBritish Library$bNPL$cIRL$j7 [1864]
=852  41$31866$aBritish Library$bNPL$cIRL$j58 [1866]
=852  41$31867$aBritish Library$bNPL$cIRL$j41 [1867]
=852  41$31868$aBritish Library$bNPL$cIRL$j60 [1868]
=852  41$31869$aBritish Library$bNPL$cIRL$j36 [1869]
=852  41$31870$aBritish Library$bNPL$cIRL$j55 [1870]
=852  41$31871$aBritish Library$bNPL$cIRL$j36 [1871]
=852  41$31872$aBritish Library$bNPL$cIRL$j66 [1872]
=852  41$31873$aBritish Library$bNPL$cIRL$j3 [1873]
=852  41$31874$aBritish Library$bNPL$cIRL$j36 [1874]
=852  41$31875$aBritish Library$bNPL$cIRL$j27 [1875]
=852  41$31876$aBritish Library$bNPL$cIRL$j41 [1876]
=852  41$31877$aBritish Library$bNPL$cIRL$j53 [1877]
=852  41$31878$aBritish Library$bNPL$cIRL$j6 [1878]
=852  41$31851$aBritish Library$bNPL$cIRL$j27 [1851]
=852  41$31852$aBritish Library$bNPL$cIRL$j1 [1852]
=852  41$31853$aBritish Library$bNPL$cIRL$j37 [1853]
=852  41$31854$aBritish Library$bNPL$cIRL$j17 [1854]
=852  41$31855$aBritish Library$bNPL$cIRL$j51 [1855]
=852  41$31856$aBritish Library$bNPL$cIRL$j62 [1856]
=852  41$31857$aBritish Library$bNPL$cIRL$j47 [1857]
=852  41$31858$aBritish Library$bNPL$cIRL$j37 [1858]
=852  41$31859$aBritish Library$bNPL$cIRL$j33 [1859]
=852  41$31860$aBritish Library$bNPL$cIRL$j51 [1860]
=852  41$31861$aBritish Library$bNPL$cIRL$j28 [1861]
=852  41$31862$aBritish Library$bNPL$cIRL$j50 [1862]
=852  41$31863$aBritish Library$bNPL$cIRL$j26A [1863]
=852  41$31864$aBritish Library$bNPL$cIRL$j7 [1864]
=852  41$31866$aBritish Library$bNPL$cIRL$j58 [1866]
=852  41$31867$aBritish Library$bNPL$cIRL$j41 [1867]
=852  41$31868$aBritish Library$bNPL$cIRL$j60 [1868]
=852  41$31869$aBritish Library$bNPL$cIRL$j36 [1869]
=852  41$31870$aBritish Library$bNPL$cIRL$j55 [1870]
=852  41$31871$aBritish Library$bNPL$cIRL$j36 [1871]
=852  41$31872$aBritish Library$bNPL$cIRL$j66 [1872]
=852  41$31873$aBritish Library$bNPL$cIRL$j3 [1873]
=852  41$31874$aBritish Library$bNPL$cIRL$j36 [1874]
=852  41$31875$aBritish Library$bNPL$cIRL$j27 [1875]
=852  41$31876$aBritish Library$bNPL$cIRL$j41 [1876]
=852  41$31877$aBritish Library$bNPL$cIRL$j53 [1877]
=852  41$31878$aBritish Library$bNPL$cIRL$j6 [1878]
=852  41$31836$aBritish Library$bNPL$cIRL$j675 [1836]
=852  41$31835$aBritish Library$bNPL$cIRL$j619 [1835]
=852  41$31840$aBritish Library$bNPL$cIRL$j832 [1840]
=852  41$31842$aBritish Library$bNPL$cIRL$j932 [1842]
=852  41$31843$aBritish Library$bNPL$cIRL$j955 [1843]
=852  41$31851$aBritish Library$bNPL$cIRL$j40A [1851]
=852  41$31852$aBritish Library$bNPL$cIRL$j46 [1852]
=852  41$31853$aBritish Library$bNPL$cIRL$j31A [1853]
=852  41$31854$aBritish Library$bNPL$cIRL$j35 [1854]
=852  41$31855$aBritish Library$bNPL$cIRL$j25 [1855]
=852  41$31856$aBritish Library$bNPL$cIRL$j9 [1856]
=852  41$31857$aBritish Library$bNPL$cIRL$j53 [1857]
=852  41$31858$aBritish Library$bNPL$cIRL$j58 [1858]
=852  41$31859$aBritish Library$bNPL$cIRL$j52 [1859]
=852  41$31860$aBritish Library$bNPL$cIRL$j10 [1860]
=852  41$31861$aBritish Library$bNPL$cIRL$j3 [1861]
=852  41$31862$aBritish Library$bNPL$cIRL$j64 [1862]
=852  41$31863$aBritish Library$bNPL$cIRL$j13 [1863]
=852  41$31864$aBritish Library$bNPL$cIRL$j42 [1864]
=852  41$31865$aBritish Library$bNPL$cIRL$j51 [1865]
=852  41$31866$aBritish Library$bNPL$cIRL$j10 [1866]
=852  41$31867$aBritish Library$bNPL$cIRL$j65 [1867]
=852  41$31868$aBritish Library$bNPL$cIRL$j8 [1868]
=852  41$31869$aBritish Library$bNPL$cIRL$j4 [1869]
=852  41$31870$aBritish Library$bNPL$cIRL$j5 [1870]
=852  41$31871$aBritish Library$bNPL$cIRL$j32 [1871]
=852  41$31872$aBritish Library$bNPL$cIRL$j51 [1872]
=852  41$31873$aBritish Library$bNPL$cIRL$j36 [1873]
=852  41$31874$aBritish Library$bNPL$cIRL$j32 [1874]
=852  41$31875$aBritish Library$bNPL$cIRL$j3 [1875]
=852  41$31876$aBritish Library$bNPL$cIRL$j52 [1876]
=852  41$31877$aBritish Library$bNPL$cIRL$j19 [1877]
=852  41$31878$aBritish Library$bNPL$cIRL$j63 [1878]
=852  41$31879$aBritish Library$bNPL$cIRL$j75 [1879]
=852  41$31880$aBritish Library$bNPL$cIRL$j26 [1880]
=852  41$31881$aBritish Library$bNPL$cIRL$j70A [1881]
=852  41$31882$aBritish Library$bNPL$cIRL$j49 [1882]
=852  41$31883$aBritish Library$bNPL$cIRL$j62 [1883]
=852  41$31884$aBritish Library$bNPL$cIRL$j10 [1884]
=852  41$31885$aBritish Library$bNPL$cIRL$j7 [1885]
=852  41$31886$aBritish Library$bNPL$cIRL$j1 [1886]
=852  41$31887$aBritish Library$bNPL$cIRL$j49 [1887]
=852  41$31888$aBritish Library$bNPL$cIRL$j37 [1888]
=852  41$31889$aBritish Library$bNPL$cIRL$j33 [1889]
=852  41$31891$aBritish Library$bNPL$cIRL$j46 [1891]
=852  41$31892$aBritish Library$bNPL$cIRL$j61 [1892]
=852  41$31893$aBritish Library$bNPL$cIRL$j97 [1893]
=852  41$31894$aBritish Library$bNPL$cIRL$j2 [1894]
=852  41$31895$aBritish Library$bNPL$cIRL$j108 [1895]
=852  41$31896$aBritish Library$bNPL$cIRL$j9 [1896]
=852  41$31870$aBritish Library$bNPL$cIRL$j7 [1870]
=852  41$31873$aBritish Library$bNPL$cIRL$j17 [1873]
=852  41$31874$aBritish Library$bNPL$cIRL$j57 [1874]
=852  41$31875$aBritish Library$bNPL$cIRL$j51 [1875]
=852  41$31876$aBritish Library$bNPL$cIRL$j54 [1876]
=852  41$31877$aBritish Library$bNPL$cIRL$j27 [1877]
=852  41$31878$aBritish Library$bNPL$cIRL$j9 [1878]
=852  41$31879$aBritish Library$bNPL$cIRL$j62 [1879]
=852  41$31880$aBritish Library$bNPL$cIRL$j70 [1880]
=852  41$31881$aBritish Library$bNPL$cIRL$j73 [1881]
=852  41$31882$aBritish Library$bNPL$cIRL$j57 [1882]
=852  41$31883$aBritish Library$bNPL$cIRL$j73 [1883]
=852  41$31884$aBritish Library$bNPL$cIRL$j76A [1884]
=852  41$31885$aBritish Library$bNPL$cIRL$j4A [1885]
=852  41$31886$aBritish Library$bNPL$cIRL$j35 [1886]
=852  41$31887$aBritish Library$bNPL$cIRL$j74 [1887]
=852  41$31888$aBritish Library$bNPL$cIRL$j2 [1888]
=852  41$31889$aBritish Library$bNPL$cIRL$j88 [1889]
=852  41$31890$aBritish Library$bNPL$cIRL$j74 [1890]
=852  41$31891$aBritish Library$bNPL$cIRL$j53 [1891]
=852  41$31892$aBritish Library$bNPL$cIRL$j38 [1892]
=852  41$31893$aBritish Library$bNPL$cIRL$j110 [1893]
=852  41$31894$aBritish Library$bNPL$cIRL$j12 [1894]
=852  41$31895$aBritish Library$bNPL$cIRL$j122 [1895]
=852  41$31896$aBritish Library$bNPL$cIRL$j59 [1896]
=852  41$31836$aBritish Library$bNPL$cIRL$j675 [1836]
=852  41$31835$aBritish Library$bNPL$cIRL$j619 [1835]
=852  41$31840$aBritish Library$bNPL$cIRL$j832 [1840]
=852  41$31842$aBritish Library$bNPL$cIRL$j932 [1842]
=852  41$31843$aBritish Library$bNPL$cIRL$j955 [1843]
=852  41$31851$aBritish Library$bNPL$cIRL$j40A [1851]
=852  41$31852$aBritish Library$bNPL$cIRL$j46 [1852]
=852  41$31853$aBritish Library$bNPL$cIRL$j31A [1853]
=852  41$31854$aBritish Library$bNPL$cIRL$j35 [1854]
=852  41$31855$aBritish Library$bNPL$cIRL$j25 [1855]
=852  41$31856$aBritish Library$bNPL$cIRL$j9 [1856]
=852  41$31857$aBritish Library$bNPL$cIRL$j53 [1857]
=852  41$31858$aBritish Library$bNPL$cIRL$j58 [1858]
=852  41$31859$aBritish Library$bNPL$cIRL$j52 [1859]
=852  41$31860$aBritish Library$bNPL$cIRL$j10 [1860]
=852  41$31861$aBritish Library$bNPL$cIRL$j3 [1861]
=852  41$31862$aBritish Library$bNPL$cIRL$j64 [1862]
=852  41$31863$aBritish Library$bNPL$cIRL$j13 [1863]
=852  41$31864$aBritish Library$bNPL$cIRL$j42 [1864]
=852  41$31865$aBritish Library$bNPL$cIRL$j51 [1865]
=852  41$31866$aBritish Library$bNPL$cIRL$j10 [1866]
=852  41$31867$aBritish Library$bNPL$cIRL$j65 [1867]
=852  41$31868$aBritish Library$bNPL$cIRL$j8 [1868]
=852  41$31869$aBritish Library$bNPL$cIRL$j4 [1869]
=852  41$31870$aBritish Library$bNPL$cIRL$j5 [1870]
=852  41$31871$aBritish Library$bNPL$cIRL$j32 [1871]
=852  41$31872$aBritish Library$bNPL$cIRL$j51 [1872]
=852  41$31873$aBritish Library$bNPL$cIRL$j36 [1873]
=852  41$31874$aBritish Library$bNPL$cIRL$j32 [1874]
=852  41$31875$aBritish Library$bNPL$cIRL$j3 [1875]
=852  41$31876$aBritish Library$bNPL$cIRL$j52 [1876]
=852  41$31877$aBritish Library$bNPL$cIRL$j19 [1877]
=852  41$31878$aBritish Library$bNPL$cIRL$j63 [1878]
=852  41$31879$aBritish Library$bNPL$cIRL$j75 [1879]
=852  41$31880$aBritish Library$bNPL$cIRL$j26 [1880]
=852  41$31881$aBritish Library$bNPL$cIRL$j70A [1881]
=852  41$31882$aBritish Library$bNPL$cIRL$j49 [1882]
=852  41$31883$aBritish Library$bNPL$cIRL$j62 [1883]
=852  41$31884$aBritish Library$bNPL$cIRL$j10 [1884]
=852  41$31885$aBritish Library$bNPL$cIRL$j7 [1885]
=852  41$31886$aBritish Library$bNPL$cIRL$j1 [1886]
=852  41$31887$aBritish Library$bNPL$cIRL$j49 [1887]
=852  41$31888$aBritish Library$bNPL$cIRL$j37 [1888]
=852  41$31889$aBritish Library$bNPL$cIRL$j33 [1889]
=852  41$31891$aBritish Library$bNPL$cIRL$j46 [1891]
=852  41$31892$aBritish Library$bNPL$cIRL$j61 [1892]
=852  41$31893$aBritish Library$bNPL$cIRL$j97 [1893]
=852  41$31894$aBritish Library$bNPL$cIRL$j2 [1894]
=852  41$31895$aBritish Library$bNPL$cIRL$j108 [1895]
=852  41$31896$aBritish Library$bNPL$cIRL$j9 [1896]
=852  41$31891$aBritish Library$bNPL$cIRL$j41 [1891]
=852  41$31892$aBritish Library$bNPL$cIRL$j5 [1892]
=852  41$aBritish Library$bNPL$jNEWS shelfmarks - see explore.bl.uk for full holdings
=852  41$aBritish Library$bHMNTS$zMicroform.$jMFM shelfmarks - see explore.bl.uk for full holdings
=CAT  \\$aCONV$b00$c20040425$lBLL90$h0850
=CAT  \\$aBATCH-856$b50$c20220207$lBLL01$h0756
=CAT  \\$aBATCH-UPD$b50$c20220207$lBLL01$h0759
=CAT  \\$aBATCH-856$b50$c20220214$lBLL01$h0937
=CAT  \\$aBATCH-UPD$b50$c20220214$lBLL01$h0941
=CAT  \\$aBATCH-856$b50$c20220301$lBLL01$h1509
=CAT  \\$aBATCH-UPD$b50$c20220301$lBLL01$h1511
=CAT  \\$aRESET-LEV$b50$c20220302$lBLL01$h0051
=CAT  \\$aRESET-LEV$b50$c20220401$lBLL01$h2226
=CAT  \\$aRESET-LEV$b50$c20220502$lBLL01$h0237
=CAT  \\$aRESET-LEV$b50$c20220602$lBLL01$h2120
=CAT  \\$aRESET-LEV$b50$c20220701$lBLL01$h2226
=CAT  \\$aRESET-LEV$b50$c20220802$lBLL01$h0349
=CAT  \\$aRESET-LEV$b50$c20220902$lBLL01$h2215
=CAT  \\$aRESET-LEV$b50$c20221003$lBLL01$h0409
=CAT  \\$aRESET-LEV$b50$c20221102$lBLL01$h0228
=CAT  \\$aRESET-LEV$b50$c20221202$lBLL01$h2220
=CAT  \\$aRESET-LEV$b50$c20230102$lBLL01$h0254
=CAT  \\$aRESET-LEV$b50$c20230202$lBLL01$h2121
=CAT  \\$aRESET-LEV$b50$c20230302$lBLL01$h2129
=CAT  \\$aRESET-LEV$b50$c20230403$lBLL01$h0236
=CAT  \\$aRESET-LEV$b50$c20230502$lBLL01$h0320
=CAT  \\$aRESET-LEV$b50$c20230602$lBLL01$h2220
=CAT  \\$aRESET-LEV$b50$c20230703$lBLL01$h0501
=CAT  \\$aRESET-LEV$b50$c20230802$lBLL01$h0203
=CAT  \\$aRESET-LEV$b50$c20230902$lBLL01$h1730
=CAT  \\$aRESET-LEV$b50$c20231002$lBLL01$h0434
=CFI  0\$aBritish Library not licensed to copy$c0$e01-jan-2014$hC$iCFP Excluded$5Uk
=CFI  2\$aBritish Library not licensed to copy$c0$e01-oct-2012$hC$iCFP Excluded$5Uk
=FIN  \\$aY
=LEO  \\$aMP22.0000062828
=LKR  \\$aPAR$b013892415$lBLL01$r776$mTyrone constitution (Print)$nTyrone constitution (Microfilm)
=NID  \\$aNID0000627
=SRC  \\$aISN01$bbibmp22.200404.2.aa
=TCO  \\$aCLA$bCLA$c008
=ACF  \\$aBritish Library not licensed to copy$c0$e01-apr-2012$hC$iCLA Excluded$5Uk
=ACF  \\$aBritish Library not licensed to copy$c0$e01-jan-2012$hC$iCLA Excluded$5Uk
=ACF  \\$aBritish Library not licensed to copy$c0$e01-oct-2011$hC$iCLA Excluded$5Uk
=ACF  \\$aBritish Library not licensed to copy$c0$e01-jul-2011$hC$iCLA Excluded$5Uk
=ACF  \\$aBritish Library not licensed to copy$c0$e01-apr-2011$hC$iCLA Excluded$5Uk
=ACF  \\$aBritish Library not licensed to copy$c0$e01-jan-2011$hC$iCLA Excluded$5Uk
=ACF  \\$aBritish Library not licensed to copy$c0$e01-oct-2010$hC$iCLA Excluded$5Uk
=ACF  \\$aBritish Library not licensed to copy$c0$e01-jul-2010$hC$iCLA Excluded$5Uk
=ACF  \\$aBritish Library not licensed to copy$c0$e01-apr-2010$hC$iCLA Excluded$5Uk
=ACF  \\$aBritish Library not licensed to copy$c0$e01-Jan-2010$hC$iCLA Excluded$5Uk
=ACF  \\$aBritish Library not licensed to copy$c0$e01-oct-2009$hC$iCLA Excluded$5Uk
=ACF  \\$aBritish Library not licensed to copy$c0$e01-jul-2009$hC$iCLA Excluded$5Uk
=ACF  \\$aBritish Library not licensed to copy$c0$e01-apr-2009$hC$iCLA Excluded$5Uk
=ACF  \\$aBritish Library not licensed to copy$c0$e01-jan-2009$hC$iCLA Excluded$5Uk
=ACF  \\$aBritish Library not licensed to copy$c0$e01-oct-2008$hC$iCLA Excluded$5Uk
=ACF  \\$aBritish Library not licensed to copy$c0$e01-jul-2008$hC$iCLA Excluded$5Uk
=ACF  \\$aBritish Library not licensed to copy$c0$e01-apr-2008$hC$iCLA Excluded$5Uk
=ACF  \\$aBritish Library not licensed to copy$c0$e01-jan-2008$hC$iCLA Excluded$5Uk
=ACF  \\$aBritish Library not licensed to copy$c0$e01-oct-2007$hC$iCLA Excluded$5Uk
=ACF  \\$aBritish Library not licensed to copy$c0$e01-jul-2007$hC$iCLA Excluded$5Uk
=ACF  \\$aBritish Library not licensed to copy$c0$e01-apr-2007$hC$iCLA Excluded$5Uk
=ACF  \\$aBritish Library not licensed to copy$c0$e01-jan-2007$hC$iCLA Excluded$5Uk
=ACF  \\$aBritish Library not licensed to copy$c0$e01-oct-2006$hC$iCLA Excluded$5Uk
=ACF  \\$aBritish Library not licensed to copy$c0$e01-jul-2006$hC$iCLA Excluded$5Uk
=ACF  \\$aBritish Library not licensed to copy$c0$e01-apr-2006$hC$iCLA Excluded$5Uk
=ACF  \\$aBritish Library not licensed to copy$c0$e01-jan-2006$hC$iCLA Excluded$5Uk
=ACF  \\$aBritish Library not licensed to copy$c0$e01-oct-2005$hC$iCLA Excluded$5Uk
=ACF  \\$aBritish Library not licensed to copy$c0$e01-jul-2005$hC$iCLA Excluded$5Uk
=ACF  \\$aBritish Library not licensed to copy$c0$e01-apr-2005$hC$iCLA Excluded$5Uk
=ACF  \\$aBritish Library not licensed to copy$c0$e01-jul-2012$hC$iCLA Excluded$5Uk
=LAS  \\$aRESET-LEV$b50$c20231002$lBLL01$h0434

