=LDR  06027cas a22011537a 4500
=001  010188561
=003  Uk
=005  20220301150946.0
=007  ta
=008  760815c18719999enkd|\n\\\\\\\0\\\a0eng\\
=FMT  \\$a  SE
=022  0\$a0307-0956$202
=040  \\$aUk$beng$cUk$dUk
=042  \\$aissnuk
=082  04$a072.615$222
=210  0\$aEast. dly. press
=222  \0$aEastern daily press
=245  00$aEastern daily press.
=260  \\$aNorwich :$bEastern Counties Newspapers
=336  \\$atext$2rdacontent
=337  \\$aunmediated$2rdamedia
=338  \\$avolume$2rdacarrier
=540  \\$aBritish Library not licensed to copy$c0$5Uk
=651  \0$aNorfolk (England)$vNewspapers.
=651  \0$aNorwich (England)$vNewspapers.
=752  \\$aEngland$bNorfolk$dNorwich.$2blnpn
=780  00$tEastern Counties daily press
=866  \0$aNewspapers :no.176- (3 May 1871-) ; Print issues are not available for conservation reasons where an alternative format exists. See separate record for microfilm holdings
=856  42$31871-1876, 1878-1893, 1896-1897, 1899-1911$uhttp://www.britishnewspaperarchive.co.uk/search/results?TitleId=BL/0001724$yBritish Newspaper Archive
=852  41$31871-1978$aBritish Library$bNPL$jNEWS91
=852  \\$aBritish Library$bNPL$cEW
=852  \\$32010-$aBritish Library$bNPL$jNEWS.REG13
=985  \\$aISSN record upgraded to allow accessioning of print newspapers.
=CAT  \\$aCONV$b00$c20040425$lBLL90$h0849
=CAT  \\$aBATCH-UPD$b50$c20211101$lBLL01$h1354
=CAT  \\$aBATCH-856$b50$c20211108$lBLL01$h1044
=CAT  \\$aBATCH-UPD$b50$c20211108$lBLL01$h1044
=CAT  \\$aBATCH-856$b50$c20211115$lBLL01$h0939
=CAT  \\$aBATCH-UPD$b50$c20211115$lBLL01$h0940
=CAT  \\$aBATCH-856$b50$c20211122$lBLL01$h1253
=CAT  \\$aBATCH-UPD$b50$c20211122$lBLL01$h1254
=CAT  \\$aBATCH-856$b50$c20211220$lBLL01$h1031
=CAT  \\$aBATCH-UPD$b50$c20211220$lBLL01$h1031
=CAT  \\$aBATCH-856$b50$c20211228$lBLL01$h1449
=CAT  \\$aBATCH-UPD$b50$c20211228$lBLL01$h1450
=CAT  \\$aBATCH-856$b50$c20220104$lBLL01$h0957
=CAT  \\$aBATCH-UPD$b50$c20220104$lBLL01$h0957
=CAT  \\$aBATCH-856$b50$c20220110$lBLL01$h1300
=CAT  \\$aBATCH-UPD$b50$c20220110$lBLL01$h1300
=CAT  \\$aBATCH-856$b50$c20220117$lBLL01$h1433
=CAT  \\$aBATCH-UPD$b50$c20220117$lBLL01$h1440
=CAT  \\$aBATCH-856$b50$c20220131$lBLL01$h1009
=CAT  \\$aBATCH-UPD$b50$c20220131$lBLL01$h1009
=CAT  \\$aBATCH-856$b50$c20220207$lBLL01$h0756
=CAT  \\$aBATCH-UPD$b50$c20220207$lBLL01$h0756
=CAT  \\$aBATCH-856$b50$c20220214$lBLL01$h0937
=CAT  \\$aBATCH-UPD$b50$c20220214$lBLL01$h0937
=CAT  \\$aBATCH-856$b50$c20220301$lBLL01$h1509
=CAT  \\$aBATCH-UPD$b50$c20220301$lBLL01$h1510
=CFI  0\$aBritish Library not licensed to copy$c0$e01-jan-2014$hC$iCFP Excluded$5Uk
=CFI  2\$aBritish Library not licensed to copy$c0$e01-oct-2012$hC$iCFP Excluded$5Uk
=FIN  \\$aY
=LEO  \\$aMP22.0000019826
=NID  \\$aNID0000181
=SRC  \\$aISN01$bbibmp22.200404.2.aa
=TCO  \\$aCLA$bCLA$c008
=ACF  \\$aBritish Library not licensed to copy$c0$e01-apr-2012$hC$iCLA Excluded$5Uk
=ACF  \\$aBritish Library not licensed to copy$c0$e01-jan-2012$hC$iCLA Excluded$5Uk
=ACF  \\$aBritish Library not licensed to copy$c0$e01-oct-2011$hC$iCLA Excluded$5Uk
=ACF  \\$aBritish Library not licensed to copy$c0$e01-jul-2011$hC$iCLA Excluded$5Uk
=ACF  \\$aBritish Library not licensed to copy$c0$e01-apr-2011$hC$iCLA Excluded$5Uk
=ACF  \\$aBritish Library not licensed to copy$c0$e01-jan-2011$hC$iCLA Excluded$5Uk
=ACF  \\$aBritish Library not licensed to copy$c0$e01-oct-2010$hC$iCLA Excluded$5Uk
=ACF  \\$aBritish Library not licensed to copy$c0$e01-jul-2010$hC$iCLA Excluded$5Uk
=ACF  \\$aBritish Library not licensed to copy$c0$e01-apr-2010$hC$iCLA Excluded$5Uk
=ACF  \\$aBritish Library not licensed to copy$c0$e01-Jan-2010$hC$iCLA Excluded$5Uk
=ACF  \\$aBritish Library not licensed to copy$c0$e01-oct-2009$hC$iCLA Excluded$5Uk
=ACF  \\$aBritish Library not licensed to copy$c0$e01-jul-2009$hC$iCLA Excluded$5Uk
=ACF  \\$aBritish Library not licensed to copy$c0$e01-apr-2009$hC$iCLA Excluded$5Uk
=ACF  \\$aBritish Library not licensed to copy$c0$e01-jan-2009$hC$iCLA Excluded$5Uk
=ACF  \\$aBritish Library not licensed to copy$c0$e01-oct-2008$hC$iCLA Excluded$5Uk
=ACF  \\$aBritish Library not licensed to copy$c0$e01-jul-2008$hC$iCLA Excluded$5Uk
=ACF  \\$aBritish Library not licensed to copy$c0$e01-apr-2008$hC$iCLA Excluded$5Uk
=ACF  \\$aBritish Library not licensed to copy$c0$e01-jan-2008$hC$iCLA Excluded$5Uk
=ACF  \\$aBritish Library not licensed to copy$c0$e01-oct-2007$hC$iCLA Excluded$5Uk
=ACF  \\$aBritish Library not licensed to copy$c0$e01-jul-2007$hC$iCLA Excluded$5Uk
=ACF  \\$aBritish Library not licensed to copy$c0$e01-apr-2007$hC$iCLA Excluded$5Uk
=ACF  \\$aBritish Library not licensed to copy$c0$e01-jan-2007$hC$iCLA Excluded$5Uk
=ACF  \\$aBritish Library not licensed to copy$c0$e01-oct-2006$hC$iCLA Excluded$5Uk
=ACF  \\$aBritish Library not licensed to copy$c0$e01-jul-2006$hC$iCLA Excluded$5Uk
=ACF  \\$aBritish Library not licensed to copy$c0$e01-apr-2006$hC$iCLA Excluded$5Uk
=ACF  \\$aBritish Library not licensed to copy$c0$e01-jan-2006$hC$iCLA Excluded$5Uk
=ACF  \\$aBritish Library not licensed to copy$c0$e01-oct-2005$hC$iCLA Excluded$5Uk
=ACF  \\$aBritish Library not licensed to copy$c0$e01-jul-2005$hC$iCLA Excluded$5Uk
=ACF  \\$aBritish Library not licensed to copy$c0$e01-apr-2005$hC$iCLA Excluded$5Uk
=ACF  \\$aBritish Library not licensed to copy$c0$e01-jan-2005$hC$iCLA Excluded$5Uk
=ACF  \\$aBritish Library not licensed to copy$c0$e01-oct-2004$hC$iCLA Excluded$5Uk
=ACF  \\$aBritish Library not licensed to copy$c0$e01-jul-2012$hC$iCLA Excluded$5Uk
=LAS  \\$aBATCH-UPD$b50$c20220301$lBLL01$h1510

