=LDR  06896cas a22013217a 4500
=001  010818649
=003  Uk
=005  20220301150947.0
=007  ta
=008  910319d18562014enkwr\n\\\\\\\0\\\a0eng\\
=FMT  \\$a  SE
=022  1\$a0962-5054$202
=040  \\$aUk$cUk$dUk
=042  \\$aissnuk
=082  04$a072.331$222
=222  \0$aBridport news
=245  00$aBridport news.
=260  \\$aTaunton :$bSouth West Counties Newspapers,$c[1856-2014]
=264  31$a[Bridport] :$b[Newsquest (Southern)]
=310  \\$aWeekly
=336  \\$atext$2rdacontent
=337  \\$aunmediated$2rdamedia
=338  \\$avolume$2rdacarrier
=362  1\$aBegan with number 29 (5 January 1856); ceased with June 26, 2014 issue.
=580  \\$aMerged with: Lyme Regis news, to become: Bridport & Lyme Regis news.
=540  \\$aBritish Library not licensed to copy$c0$5Uk
=651  \0$aBridport (England)$vNewspapers.
=651  \0$aDorset (England)$vNewspapers.
=752  \\$aEngland$bDorset$dBridport.$2blnpn
=780  00$tIllustrated Bridport news
=785  17$tLyme Regis news (1993)$x1352-6871
=785  17$tBridport & Lyme Regis news$x2056-4988
=866  \\$aNewspapers: No. 29 (5 Jan. 1856)-26 June 2014.
=856  42$31856-1857, 1865-1869, 1871-1873, 1876-1880, 1884-1888, 1890-1896, 1899-1900$uhttp://www.britishnewspaperarchive.co.uk/search/results?TitleId=BL/0001139$yBritish Newspaper Archive
=852  41$31897$aBritish Library$bNPL$cEW$j240 [1897]
=852  41$31897$aBritish Library$bNPL$cEW$j240 [1897]
=852  41$31897$aBritish Library$bNPL$cEW$j240 [1897]
=852  41$31897$aBritish Library$bNPL$cEW$j240 [1897]
=852  \\$aBritish Library$bNPL$cEW
=852  \\$aBritish Library$bNPL$cEW
=852  41$31871$aBritish Library$bNPL$cEW$j494 [1871]
=852  \\$aBritish Library$bNPL$cEW
=852  41$aBritish Library$bNPL$jNEWS shelfmarks - see explore.bl.uk for full holdings
=852  41$aBritish Library$bHMNTS$zOct. 1909 - Dec. 1910$zMicroform.$jMFM shelfmarks - see explore.bl.uk for full holdings
=852  41$aBritish Library$bNPL$jPENN shelfmarks - see explore.bl.uk for full holdings
=CAT  \\$aCONV$b00$c20040425$lBLL90$h0849
=CAT  \\$aBATCH-856$b50$c20220207$lBLL01$h0756
=CAT  \\$aBATCH-UPD$b50$c20220207$lBLL01$h0757
=CAT  \\$aBATCH-856$b50$c20220214$lBLL01$h0937
=CAT  \\$aBATCH-UPD$b50$c20220214$lBLL01$h0938
=CAT  \\$aBATCH-856$b50$c20220301$lBLL01$h1509
=CAT  \\$aBATCH-UPD$b50$c20220301$lBLL01$h1510
=CAT  \\$aRESET-LEV$b50$c20220302$lBLL01$h0050
=CAT  \\$aRESET-LEV$b50$c20220401$lBLL01$h2225
=CAT  \\$aRESET-LEV$b50$c20220502$lBLL01$h0236
=CAT  \\$aRESET-LEV$b50$c20220602$lBLL01$h2119
=CAT  \\$aRESET-LEV$b50$c20220701$lBLL01$h2225
=CAT  \\$aRESET-LEV$b50$c20220802$lBLL01$h0348
=CAT  \\$aRESET-LEV$b50$c20220902$lBLL01$h2213
=CAT  \\$aRESET-LEV$b50$c20221003$lBLL01$h0407
=CAT  \\$aRESET-LEV$b50$c20221102$lBLL01$h0227
=CAT  \\$aRESET-LEV$b50$c20221202$lBLL01$h2218
=CAT  \\$aRESET-LEV$b50$c20230102$lBLL01$h0253
=CAT  \\$aRESET-LEV$b50$c20230202$lBLL01$h2120
=CAT  \\$aRESET-LEV$b50$c20230302$lBLL01$h2127
=CAT  \\$aRESET-LEV$b50$c20230403$lBLL01$h0235
=CAT  \\$aRESET-LEV$b50$c20230502$lBLL01$h0318
=CAT  \\$aRESET-LEV$b50$c20230602$lBLL01$h2218
=CAT  \\$aRESET-LEV$b50$c20230703$lBLL01$h0459
=CAT  \\$aRESET-LEV$b50$c20230802$lBLL01$h0201
=CAT  \\$aRESET-LEV$b50$c20230902$lBLL01$h1727
=CAT  \\$aRESET-LEV$b50$c20231002$lBLL01$h0431
=CFI  0\$aBritish Library not licensed to copy$c0$e01-jan-2014$hC$iCFP Excluded$5Uk
=CFI  2\$aBritish Library not licensed to copy$c0$e01-oct-2012$hC$iCFP Excluded$5Uk
=FIN  \\$aY
=LEO  \\$aMP22.0000034904
=LKR  \\$aPAR$b013943559$lBLL01$r776$mBridport news (Print)$nBridport news (Microfilm)
=NID  \\$aNID0000293
=SRC  \\$aISN01$bbibmp22.200404.2.aa
=TCO  \\$aCLA$bCLA$c008
=ACF  \\$aBritish Library not licensed to copy$c0$e01-apr-2012$hC$iCLA Excluded$5Uk
=ACF  \\$aBritish Library not licensed to copy$c0$e01-jan-2012$hC$iCLA Excluded$5Uk
=ACF  \\$aBritish Library not licensed to copy$c0$e01-oct-2011$hC$iCLA Excluded$5Uk
=ACF  \\$aBritish Library not licensed to copy$c0$e01-jul-2011$hC$iCLA Excluded$5Uk
=ACF  \\$aBritish Library not licensed to copy$c0$e01-apr-2011$hC$iCLA Excluded$5Uk
=ACF  \\$aBritish Library not licensed to copy$c0$e01-jan-2011$hC$iCLA Excluded$5Uk
=ACF  \\$aBritish Library not licensed to copy$c0$e01-oct-2010$hC$iCLA Excluded$5Uk
=ACF  \\$aBritish Library not licensed to copy$c0$e01-jul-2010$hC$iCLA Excluded$5Uk
=ACF  \\$aBritish Library not licensed to copy$c0$e01-apr-2010$hC$iCLA Excluded$5Uk
=ACF  \\$aBritish Library not licensed to copy$c0$e01-Jan-2010$hC$iCLA Excluded$5Uk
=ACF  \\$aBritish Library not licensed to copy$c0$e01-oct-2009$hC$iCLA Excluded$5Uk
=ACF  \\$aBritish Library not licensed to copy$c0$e01-jul-2009$hC$iCLA Excluded$5Uk
=ACF  \\$aBritish Library not licensed to copy$c0$e01-apr-2009$hC$iCLA Excluded$5Uk
=ACF  \\$aBritish Library not licensed to copy$c0$e01-jan-2009$hC$iCLA Excluded$5Uk
=ACF  \\$aBritish Library not licensed to copy$c0$e01-oct-2008$hC$iCLA Excluded$5Uk
=ACF  \\$aBritish Library not licensed to copy$c0$e01-jul-2008$hC$iCLA Excluded$5Uk
=ACF  \\$aBritish Library not licensed to copy$c0$e01-apr-2008$hC$iCLA Excluded$5Uk
=ACF  \\$aBritish Library not licensed to copy$c0$e01-jan-2008$hC$iCLA Excluded$5Uk
=ACF  \\$aBritish Library not licensed to copy$c0$e01-oct-2007$hC$iCLA Excluded$5Uk
=ACF  \\$aBritish Library not licensed to copy$c0$e01-jul-2007$hC$iCLA Excluded$5Uk
=ACF  \\$aBritish Library not licensed to copy$c0$e01-apr-2007$hC$iCLA Excluded$5Uk
=ACF  \\$aBritish Library not licensed to copy$c0$e01-jan-2007$hC$iCLA Excluded$5Uk
=ACF  \\$aBritish Library not licensed to copy$c0$e01-oct-2006$hC$iCLA Excluded$5Uk
=ACF  \\$aBritish Library not licensed to copy$c0$e01-jul-2006$hC$iCLA Excluded$5Uk
=ACF  \\$aBritish Library not licensed to copy$c0$e01-apr-2006$hC$iCLA Excluded$5Uk
=ACF  \\$aBritish Library not licensed to copy$c0$e01-jan-2006$hC$iCLA Excluded$5Uk
=ACF  \\$aBritish Library not licensed to copy$c0$e01-oct-2005$hC$iCLA Excluded$5Uk
=ACF  \\$aBritish Library not licensed to copy$c0$e01-jul-2005$hC$iCLA Excluded$5Uk
=ACF  \\$aBritish Library not licensed to copy$c0$e01-apr-2005$hC$iCLA Excluded$5Uk
=ACF  \\$aBritish Library not licensed to copy$c0$e01-jan-2005$hC$iCLA Excluded$5Uk
=ACF  \\$aBritish Library not licensed to copy$c0$e01-oct-2004$hC$iCLA Excluded$5Uk
=ACF  \\$aBritish Library not licensed to copy$c0$e01-jul-2012$hC$iCLA Excluded$5Uk
=LAS  \\$aRESET-LEV$b50$c20231002$lBLL01$h0431

