=LDR  16592cas a22034933  4500
=001  015113209
=003  Uk
=005  20220301151034.0
=007  ta
=008  090325c18399999ie\wr\n\\\\\\\0\\\a0eng\\
=FMT  \\$a  SE
=022  1\$a1649-3885
=040  \\$aUk$cUk$dUk
=082  04$a072.91697$222
=222  \4$aThe northern standard$b(Monaghan)
=245  04$aThe northern standard.
=336  \\$atext$2rdacontent
=337  \\$aunmediated$2rdamedia
=338  \\$avolume$2rdacarrier
=500  \\$aWanting June 1856; Jan.-March 1926.
=651  \0$aMonaghan (Ireland : County)$vNewspapers.
=651  \0$aMonaghan (Ireland)$vNewspapers.
=752  \\$aIreland$bCo. Monaghan$dMonaghan.$2blnpn
=866  \0$aNewspapers :no. 1 (12 Jan. 1839)- ; Print issues are not available for conservation reasons where an alternative format exists. See separate record for microfilm holdings
=856  42$31839-1871$uhttp://www.britishnewspaperarchive.co.uk/search/results?TitleId=BL/0001223$yBritish Newspaper Archive
=852  41$31860$aBritish Library$bNPL$cIRL$j28 [1860]
=852  \\$aBritish Library$bNPL$cIRL
=852  \\$aBritish Library$bNPL$cIRL
=852  \\$aBritish Library$bNPL$cIRL
=852  \\$aBritish Library$bNPL$cIRL
=852  \\$aBritish Library$bNPL$cIRL
=852  \\$aBritish Library$bNPL$cIRL
=852  41$31851$aBritish Library$bNPL$cIRL$j29 [1851]
=852  41$31852$aBritish Library$bNPL$cIRL$j52 [1852]
=852  41$31853$aBritish Library$bNPL$cIRL$j29 [1853]
=852  41$31854$aBritish Library$bNPL$cIRL$j36 [1854]
=852  41$31855$aBritish Library$bNPL$cIRL$j58 [1855]
=852  41$31856$aBritish Library$bNPL$cIRL$j42 [1856]
=852  41$31857$aBritish Library$bNPL$cIRL$j49 [1857]
=852  41$31858$aBritish Library$bNPL$cIRL$j45 [1858]
=852  41$31859$aBritish Library$bNPL$cIRL$j61 [1859]
=852  41$31863$aBritish Library$bNPL$cIRL$j59 [1863]
=852  41$31861$aBritish Library$bNPL$cIRL$j29 [1861]
=852  41$31862$aBritish Library$bNPL$cIRL$j55 [1862]
=852  41$31864$aBritish Library$bNPL$cIRL$j54 [1864]
=852  41$31865$aBritish Library$bNPL$cIRL$j34 [1865]
=852  41$31866$aBritish Library$bNPL$cIRL$j40 [1866]
=852  41$31867$aBritish Library$bNPL$cIRL$j28 [1867]
=852  41$31868$aBritish Library$bNPL$cIRL$j11 [1868]
=852  41$31869$aBritish Library$bNPL$cIRL$j46 [1869]
=852  41$31870$aBritish Library$bNPL$cIRL$j19 [1870]
=852  41$31871$aBritish Library$bNPL$cIRL$j67 [1871]
=852  41$31872$aBritish Library$bNPL$cIRL$j66 [1872]
=852  41$31873$aBritish Library$bNPL$cIRL$j1 [1873]
=852  41$31879$aBritish Library$bNPL$cIRL$j68 [1879]
=852  41$31880$aBritish Library$bNPL$cIRL$j74 [1880]
=852  41$31881$aBritish Library$bNPL$cIRL$j13 [1881]
=852  41$31882$aBritish Library$bNPL$cIRL$j43 [1882]
=852  41$31883$aBritish Library$bNPL$cIRL$j59 [1883]
=852  41$31884$aBritish Library$bNPL$cIRL$j15 [1884]
=852  41$31886$aBritish Library$bNPL$cIRL$j47 [1886]
=852  41$31888$aBritish Library$bNPL$cIRL$j75 [1888]
=852  41$31889$aBritish Library$bNPL$cIRL$j51 [1889]
=852  41$31851$aBritish Library$bNPL$cIRL$j40 [1851]
=852  41$31852$aBritish Library$bNPL$cIRL$j41 [1852]
=852  41$31853$aBritish Library$bNPL$cIRL$j39 [1853]
=852  41$31854$aBritish Library$bNPL$cIRL$j15 [1854]
=852  41$31855$aBritish Library$bNPL$cIRL$j33 [1855]
=852  41$31856$aBritish Library$bNPL$cIRL$j4 [1856]
=852  41$31857$aBritish Library$bNPL$cIRL$j54 [1857]
=852  41$31858$aBritish Library$bNPL$cIRL$j55 [1858]
=852  41$31859$aBritish Library$bNPL$cIRL$j68 [1859]
=852  41$31860$aBritish Library$bNPL$cIRL$j36 [1860]
=852  41$31861$aBritish Library$bNPL$cIRL$j17 [1861]
=852  41$31862$aBritish Library$bNPL$cIRL$j38 [1862]
=852  41$31863$aBritish Library$bNPL$cIRL$j64 [1863]
=852  41$31864$aBritish Library$bNPL$cIRL$j59 [1864]
=852  41$31865$aBritish Library$bNPL$cIRL$j38 [1865]
=852  41$31866$aBritish Library$bNPL$cIRL$j6 [1866]
=852  41$31867$aBritish Library$bNPL$cIRL$j55 [1867]
=852  41$31868$aBritish Library$bNPL$cIRL$j19 [1868]
=852  41$31869$aBritish Library$bNPL$cIRL$j3 [1869]
=852  41$31870$aBritish Library$bNPL$cIRL$j53 [1870]
=852  41$31871$aBritish Library$bNPL$cIRL$j14 [1871]
=852  41$31872$aBritish Library$bNPL$cIRL$j59 [1872]
=852  41$31873$aBritish Library$bNPL$cIRL$j15 [1873]
=852  41$31874$aBritish Library$bNPL$cIRL$j56 [1874]
=852  41$31875$aBritish Library$bNPL$cIRL$j6 [1875]
=852  41$31876$aBritish Library$bNPL$cIRL$j57 [1876]
=852  41$31877$aBritish Library$bNPL$cIRL$j27 [1877]
=852  41$31878$aBritish Library$bNPL$cIRL$j10 [1878]
=852  41$31879$aBritish Library$bNPL$cIRL$j58 [1879]
=852  41$31880$aBritish Library$bNPL$cIRL$j70 [1880]
=852  41$31851$aBritish Library$bNPL$cIRL$j40 [1851]
=852  41$31852$aBritish Library$bNPL$cIRL$j41 [1852]
=852  41$31853$aBritish Library$bNPL$cIRL$j39 [1853]
=852  41$31854$aBritish Library$bNPL$cIRL$j15 [1854]
=852  41$31855$aBritish Library$bNPL$cIRL$j33 [1855]
=852  41$31856$aBritish Library$bNPL$cIRL$j4 [1856]
=852  41$31857$aBritish Library$bNPL$cIRL$j54 [1857]
=852  41$31858$aBritish Library$bNPL$cIRL$j55 [1858]
=852  41$31859$aBritish Library$bNPL$cIRL$j68 [1859]
=852  41$31860$aBritish Library$bNPL$cIRL$j36 [1860]
=852  41$31861$aBritish Library$bNPL$cIRL$j17 [1861]
=852  41$31862$aBritish Library$bNPL$cIRL$j38 [1862]
=852  41$31863$aBritish Library$bNPL$cIRL$j64 [1863]
=852  41$31864$aBritish Library$bNPL$cIRL$j59 [1864]
=852  41$31865$aBritish Library$bNPL$cIRL$j38 [1865]
=852  41$31866$aBritish Library$bNPL$cIRL$j6 [1866]
=852  41$31867$aBritish Library$bNPL$cIRL$j55 [1867]
=852  41$31868$aBritish Library$bNPL$cIRL$j19 [1868]
=852  41$31869$aBritish Library$bNPL$cIRL$j3 [1869]
=852  41$31870$aBritish Library$bNPL$cIRL$j53 [1870]
=852  41$31871$aBritish Library$bNPL$cIRL$j14 [1871]
=852  41$31872$aBritish Library$bNPL$cIRL$j59 [1872]
=852  41$31873$aBritish Library$bNPL$cIRL$j15 [1873]
=852  41$31874$aBritish Library$bNPL$cIRL$j56 [1874]
=852  41$31875$aBritish Library$bNPL$cIRL$j6 [1875]
=852  41$31876$aBritish Library$bNPL$cIRL$j57 [1876]
=852  41$31877$aBritish Library$bNPL$cIRL$j27 [1877]
=852  41$31878$aBritish Library$bNPL$cIRL$j10 [1878]
=852  41$31879$aBritish Library$bNPL$cIRL$j58 [1879]
=852  41$31880$aBritish Library$bNPL$cIRL$j70 [1880]
=852  41$31851$aBritish Library$bNPL$cIRL$j30 [1851]
=852  41$31852$aBritish Library$bNPL$cIRL$j47 [1852]
=852  41$31853$aBritish Library$bNPL$cIRL$j30 [1853]
=852  41$31854$aBritish Library$bNPL$cIRL$j31 [1854]
=852  41$31855$aBritish Library$bNPL$cIRL$j27 [1855]
=852  41$31856$aBritish Library$bNPL$cIRL$j40 [1856]
=852  41$31857$aBritish Library$bNPL$cIRL$j33 [1857]
=852  41$31858$aBritish Library$bNPL$cIRL$j21 [1858]
=852  41$31859$aBritish Library$bNPL$cIRL$j2 [1859]
=852  41$31860$aBritish Library$bNPL$cIRL$j2 [1860]
=852  41$31861$aBritish Library$bNPL$cIRL$j16 [1861]
=852  41$31862$aBritish Library$bNPL$cIRL$j54 [1862]
=852  41$31863$aBritish Library$bNPL$cIRL$j58 [1863]
=852  41$31864$aBritish Library$bNPL$cIRL$j56 [1864]
=852  41$31865$aBritish Library$bNPL$cIRL$j40 [1865]
=852  41$31866$aBritish Library$bNPL$cIRL$j45 [1866]
=852  41$31867$aBritish Library$bNPL$cIRL$j50 [1867]
=852  41$31868$aBritish Library$bNPL$cIRL$j57 [1868]
=852  41$31869$aBritish Library$bNPL$cIRL$j32 [1869]
=852  41$31870$aBritish Library$bNPL$cIRL$j49 [1870]
=852  41$31871$aBritish Library$bNPL$cIRL$j3 [1871]
=852  41$31872$aBritish Library$bNPL$cIRL$j67 [1872]
=852  41$31873$aBritish Library$bNPL$cIRL$j7 [1873]
=852  41$31874$aBritish Library$bNPL$cIRL$j45 [1874]
=852  41$31875$aBritish Library$bNPL$cIRL$j25 [1875]
=852  41$31876$aBritish Library$bNPL$cIRL$j25 [1876]
=852  41$31877$aBritish Library$bNPL$cIRL$j64 [1877]
=852  41$31878$aBritish Library$bNPL$cIRL$j45 [1878]
=852  41$31879$aBritish Library$bNPL$cIRL$j70 [1879]
=852  41$31880$aBritish Library$bNPL$cIRL$j75 [1880]
=852  41$31881$aBritish Library$bNPL$cIRL$j7 [1881]
=852  41$31882$aBritish Library$bNPL$cIRL$j69 [1882]
=852  41$31883$aBritish Library$bNPL$cIRL$j52 [1883]
=852  41$31884$aBritish Library$bNPL$cIRL$j12 [1884]
=852  41$31886$aBritish Library$bNPL$cIRL$j24 [1886]
=852  41$31887$aBritish Library$bNPL$cIRL$j10 [1887]
=852  41$31888$aBritish Library$bNPL$cIRL$j73 [1888]
=852  41$31889$aBritish Library$bNPL$cIRL$j51 [1889]
=852  41$31890$aBritish Library$bNPL$cIRL$j79 [1890]
=852  41$31891$aBritish Library$bNPL$cIRL$j42 [1891]
=852  41$31892$aBritish Library$bNPL$cIRL$j21 [1892]
=852  41$31893$aBritish Library$bNPL$cIRL$j3 [1893]
=852  41$31894$aBritish Library$bNPL$cIRL$j79 [1894]
=852  41$31895$aBritish Library$bNPL$cIRL$j17 [1895]
=852  41$31896$aBritish Library$bNPL$cIRL$j40 [1896]
=852  41$31882$aBritish Library$bNPL$cIRL$j53 [1882]
=852  41$31883$aBritish Library$bNPL$cIRL$j33 [1883]
=852  41$31884$aBritish Library$bNPL$cIRL$j43 [1884]
=852  41$31889$aBritish Library$bNPL$cIRL$j28 [1889]
=852  41$31890$aBritish Library$bNPL$cIRL$j83 [1890]
=852  41$31891$aBritish Library$bNPL$cIRL$j16 [1891]
=852  41$31892$aBritish Library$bNPL$cIRL$j77 [1892]
=852  41$31893$aBritish Library$bNPL$cIRL$j66 [1893]
=852  41$31894$aBritish Library$bNPL$cIRL$j41 [1894]
=852  41$31895$aBritish Library$bNPL$cIRL$j2 [1895]
=852  41$31896$aBritish Library$bNPL$cIRL$j72 [1896]
=852  41$31876$aBritish Library$bNPL$cIRL$j71 [1876]
=852  41$31884$aBritish Library$bNPL$cIRL$j14 [1884]
=852  41$31886$aBritish Library$bNPL$cIRL$j39 [1886]
=852  41$31887$aBritish Library$bNPL$cIRL$j9 [1887]
=852  41$31888$aBritish Library$bNPL$cIRL$j59 [1888]
=852  41$31889$aBritish Library$bNPL$cIRL$j42 [1889]
=852  41$31890$aBritish Library$bNPL$cIRL$j38 [1890]
=852  41$31891$aBritish Library$bNPL$cIRL$j31 [1891]
=852  41$31892$aBritish Library$bNPL$cIRL$j26 [1892]
=852  41$31893$aBritish Library$bNPL$cIRL$j4 [1893]
=852  41$31894$aBritish Library$bNPL$cIRL$j31 [1894]
=852  41$31895$aBritish Library$bNPL$cIRL$j71 [1895]
=852  41$31896$aBritish Library$bNPL$cIRL$j88 [1896]
=852  41$31923$aBritish Library$bNPL$cIRL$j46 [1923]
=852  41$31875$aBritish Library$bNPL$cIRL$j25 [1875]
=852  41$31878$aBritish Library$bNPL$cIRL$j42 [1878]
=852  41$31880$aBritish Library$bNPL$cIRL$j41 [1880]
=852  41$31882$aBritish Library$bNPL$cIRL$j38A [1882]
=852  41$31879$aBritish Library$bNPL$cIRL$j17 [1879]
=852  41$31883$aBritish Library$bNPL$cIRL$j52 [1883]
=852  41$31874$aBritish Library$bNPL$cIRL$j33 [1874]
=852  41$31877$aBritish Library$bNPL$cIRL$j55 [1877]
=852  41$31915$aBritish Library$bNPL$cIRL$j95 [1915]
=852  41$31881$aBritish Library$bNPL$cIRL$j13 [1881]
=852  41$31882$aBritish Library$bNPL$cIRL$j68 [1882]
=852  41$31883$aBritish Library$bNPL$cIRL$j58 [1883]
=852  41$31884$aBritish Library$bNPL$cIRL$j25 [1884]
=852  41$31885$aBritish Library$bNPL$cIRL$j1 [1885]
=852  41$31886$aBritish Library$bNPL$cIRL$j47 [1886]
=852  41$31887$aBritish Library$bNPL$cIRL$j7 [1887]
=852  41$31888$aBritish Library$bNPL$cIRL$j55 [1888]
=852  41$31889$aBritish Library$bNPL$cIRL$j38 [1889]
=852  41$31891$aBritish Library$bNPL$cIRL$jL212 [1891]
=852  41$31914$aBritish Library$bNPL$cIRL$j914 [1914]
=852  41$31851$aBritish Library$bNPL$cIRL$j40 [1851]
=852  41$31852$aBritish Library$bNPL$cIRL$j32 [1852]
=852  41$31853$aBritish Library$bNPL$cIRL$j15A [1853]
=852  41$31854$aBritish Library$bNPL$cIRL$j56 [1854]
=852  41$31855$aBritish Library$bNPL$cIRL$j18 [1855]
=852  41$31856$aBritish Library$bNPL$cIRL$j4 [1856]
=852  41$31857$aBritish Library$bNPL$cIRL$j37 [1857]
=852  41$31858$aBritish Library$bNPL$cIRL$j59 [1858]
=852  41$31859$aBritish Library$bNPL$cIRL$j52 [1859]
=852  41$31860$aBritish Library$bNPL$cIRL$j60 [1860]
=852  41$31861$aBritish Library$bNPL$cIRL$j3 [1861]
=852  41$31862$aBritish Library$bNPL$cIRL$j39 [1862]
=852  41$31863$aBritish Library$bNPL$cIRL$j10 [1863]
=852  41$31864$aBritish Library$bNPL$cIRL$j47A [1864]
=852  41$31865$aBritish Library$bNPL$cIRL$j45 [1865]
=852  41$31866$aBritish Library$bNPL$cIRL$j50 [1866]
=852  41$31867$aBritish Library$bNPL$cIRL$j57 [1867]
=852  41$31868$aBritish Library$bNPL$cIRL$j6 [1868]
=852  41$31869$aBritish Library$bNPL$cIRL$j5 [1869]
=852  41$31870$aBritish Library$bNPL$cIRL$j4 [1870]
=852  41$31871$aBritish Library$bNPL$cIRL$j66 [1871]
=852  41$31872$aBritish Library$bNPL$cIRL$j56 [1872]
=852  41$31873$aBritish Library$bNPL$cIRL$j14 [1873]
=852  41$31874$aBritish Library$bNPL$cIRL$j29 [1874]
=852  41$31875$aBritish Library$bNPL$cIRL$j5 [1875]
=852  41$31876$aBritish Library$bNPL$cIRL$j55 [1876]
=852  41$31877$aBritish Library$bNPL$cIRL$j28 [1877]
=852  41$31878$aBritish Library$bNPL$cIRL$j65 [1878]
=852  41$31879$aBritish Library$bNPL$cIRL$j59 [1879]
=852  41$31880$aBritish Library$bNPL$cIRL$j72 [1880]
=852  41$31881$aBritish Library$bNPL$cIRL$j28A [1881]
=852  41$31882$aBritish Library$bNPL$cIRL$j56 [1882]
=852  41$31883$aBritish Library$bNPL$cIRL$j71 [1883]
=852  41$31884$aBritish Library$bNPL$cIRL$j75 [1884]
=852  41$31886$aBritish Library$bNPL$cIRL$j61 [1886]
=852  41$31887$aBritish Library$bNPL$cIRL$j36 [1887]
=852  41$31888$aBritish Library$bNPL$cIRL$j9 [1888]
=852  41$31889$aBritish Library$bNPL$cIRL$j88 [1889]
=852  41$31890$aBritish Library$bNPL$cIRL$j48 [1890]
=852  41$31891$aBritish Library$bNPL$cIRL$j52 [1891]
=852  41$31892$aBritish Library$bNPL$cIRL$j94 [1892]
=852  41$31893$aBritish Library$bNPL$cIRL$j110 [1893]
=852  41$31894$aBritish Library$bNPL$cIRL$j5 [1894]
=852  41$31895$aBritish Library$bNPL$cIRL$j116 [1895]
=852  41$31896$aBritish Library$bNPL$cIRL$j7 [1896]
=852  41$31899$aBritish Library$bNPL$cIRL$j44 [1899]
=852  41$31966$aBritish Library$bNPL$j3224 [1966]
=852  41$aBritish Library$bNPL$jNEWS shelfmarks - see explore.bl.uk for full holdings
=852  41$aBritish Library$bHMNTS$zMicroform.$jMFM shelfmarks - see explore.bl.uk for full holdings
=CAT  \\$aBAT-NPL-PR$c20090416$lBLL01$h1343
=CAT  \\$aBATCH-856$b50$c20220207$lBLL01$h0757
=CAT  \\$aBATCH-UPD$b50$c20220207$lBLL01$h0824
=CAT  \\$aBATCH-856$b50$c20220214$lBLL01$h0938
=CAT  \\$aBATCH-UPD$b50$c20220214$lBLL01$h1007
=CAT  \\$aBATCH-856$b50$c20220301$lBLL01$h1510
=CAT  \\$aBATCH-UPD$b50$c20220301$lBLL01$h1534
=CAT  \\$aRESET-LEV$b50$c20220302$lBLL01$h0057
=CAT  \\$aRESET-LEV$b50$c20220402$lBLL01$h1729
=CAT  \\$aRESET-LEV$b50$c20220502$lBLL01$h0244
=CAT  \\$aRESET-LEV$b50$c20220602$lBLL01$h2128
=CAT  \\$aRESET-LEV$b50$c20220702$lBLL01$h1731
=CAT  \\$aRESET-LEV$b50$c20220802$lBLL01$h0355
=CAT  \\$aRESET-LEV$b50$c20220902$lBLL01$h2224
=CAT  \\$aRESET-LEV$b50$c20221003$lBLL01$h0416
=CAT  \\$aRESET-LEV$b50$c20221102$lBLL01$h0235
=CAT  \\$aRESET-LEV$b50$c20221202$lBLL01$h2227
=CAT  \\$aRESET-LEV$b50$c20230102$lBLL01$h0305
=CAT  \\$aRESET-LEV$b50$c20230202$lBLL01$h2130
=CAT  \\$aRESET-LEV$b50$c20230302$lBLL01$h2138
=CAT  \\$aRESET-LEV$b50$c20230403$lBLL01$h0243
=CAT  \\$aRESET-LEV$b50$c20230502$lBLL01$h0326
=CAT  \\$aRESET-LEV$b50$c20230602$lBLL01$h2229
=CAT  \\$aRESET-LEV$b50$c20230703$lBLL01$h0511
=CAT  \\$aRESET-LEV$b50$c20230802$lBLL01$h0212
=CAT  \\$aRESET-LEV$b50$c20230902$lBLL01$h1746
=CAT  \\$aRESET-LEV$b50$c20231002$lBLL01$h0449
=FIN  \\$aY$d20090416
=LKR  \\$aPAR$lBLL01$r776$nNorthern standard (Microfilm)$mNorthern standard (Print)$b013902636
=NID  \\$aNID0001005
=TCO  \\$aIRL$bICLA$c008
=LAS  \\$aRESET-LEV$b50$c20231002$lBLL01$h0449

