=LDR  03828cas a2200889u  4500
=001  013890009
=003  Uk
=005  20220301150952.0
=008  950421d18471984||||||n|||\\\\0\\\||eng\\
=FMT  \\$a  SE
=019  n\$aNLC0000089
=040  \\$aUk$cUk
=082  04$a072.842$222
=245  04$aThe Harrogate Herald, etc.
=336  \\$atext$2rdacontent
=337  \\$aunmediated$2rdamedia
=338  \\$avolume$2rdacarrier
=500  \\$aNumeration discontinues.
=500  \\$aWanting 1849.
=651  \0$aHarrogate (England)$vNewspapers.
=651  \0$aNorth Yorkshire (England)$vNewspapers.
=752  \\$aEngland$bNorth Yorkshire$dHarrogate.$2blnpn
=785  00$tHerald$g12-26 March 1984$w013890010
=866  \0$aNewspapers :6 May 1847 - 5 March 1984.
=883  0\$aLanguage codes assigned by Bayesian analysis of words present in record$d20200826$qUk$c0.9919
=856  42$31915, 1917, 1942, 1946-1947$uhttp://www.britishnewspaperarchive.co.uk/search/results?TitleId=BL/0001608$yBritish Newspaper Archive
=852  41$31888$aBritish Library$bNPL$cEW$j1158 [1888]
=852  41$31880$aBritish Library$bNPL$cEW$j398 [1880]
=852  41$31888$aBritish Library$bNPL$cEW$j1158 [1888]
=852  \\$aBritish Library$bNPL$cEW
=852  41$31880$aBritish Library$bNPL$cEW$j398 [1880]
=852  41$31830$aBritish Library$bNPL$cEW$jP93
=852  41$31880$aBritish Library$bNPL$cEW$j398 [1880]
=852  41$31880$aBritish Library$bNPL$cEW$j398 [1880]
=852  41$31865$aBritish Library$bNPL$cEW$j440 [1865]
=852  41$31871$aBritish Library$bNPL$cEW$j507 [1871]
=852  41$31877$aBritish Library$bNPL$cEW$j218 [1877]
=852  41$31880$aBritish Library$bNPL$cEW$j398 [1880]
=852  41$aBritish Library$bNPL$jNEWS shelfmarks - see explore.bl.uk for full holdings
=852  41$aBritish Library$bHMNTS$zMicroform.$jMFM shelfmarks - see explore.bl.uk for full holdings
=852  41$aBritish Library$bNPL$jPENN shelfmarks - see explore.bl.uk for full holdings
=985  \\$aDisaggregated Record: NPL
=985  \\$aUpgraded by BSS-generated file for WR2009-0365
=CAT  \\$aBATCH-NPL$b00$c20070912$lBLL01$h1125
=CAT  \\$aBATCH-856$b50$c20220207$lBLL01$h0756
=CAT  \\$aBATCH-UPD$b50$c20220207$lBLL01$h0759
=CAT  \\$aBATCH-856$b50$c20220214$lBLL01$h0937
=CAT  \\$aBATCH-UPD$b50$c20220214$lBLL01$h0941
=CAT  \\$aBATCH-856$b50$c20220301$lBLL01$h1509
=CAT  \\$aBATCH-UPD$b50$c20220301$lBLL01$h1512
=CAT  \\$aRESET-LEV$b50$c20220302$lBLL01$h0052
=CAT  \\$aRESET-LEV$b50$c20220402$lBLL01$h1723
=CAT  \\$aRESET-LEV$b50$c20220502$lBLL01$h0238
=CAT  \\$aRESET-LEV$b50$c20220602$lBLL01$h2121
=CAT  \\$aRESET-LEV$b50$c20220702$lBLL01$h1724
=CAT  \\$aRESET-LEV$b50$c20220802$lBLL01$h0349
=CAT  \\$aRESET-LEV$b50$c20220902$lBLL01$h2216
=CAT  \\$aRESET-LEV$b50$c20221003$lBLL01$h0409
=CAT  \\$aRESET-LEV$b50$c20221102$lBLL01$h0229
=CAT  \\$aRESET-LEV$b50$c20221202$lBLL01$h2220
=CAT  \\$aRESET-LEV$b50$c20230102$lBLL01$h0255
=CAT  \\$aRESET-LEV$b50$c20230202$lBLL01$h2122
=CAT  \\$aRESET-LEV$b50$c20230302$lBLL01$h2130
=CAT  \\$aRESET-LEV$b50$c20230403$lBLL01$h0237
=CAT  \\$aRESET-LEV$b50$c20230502$lBLL01$h0320
=CAT  \\$aRESET-LEV$b50$c20230602$lBLL01$h2221
=CAT  \\$aRESET-LEV$b50$c20230703$lBLL01$h0502
=CAT  \\$aRESET-LEV$b50$c20230802$lBLL01$h0204
=CAT  \\$aRESET-LEV$b50$c20230902$lBLL01$h1731
=CAT  \\$aRESET-LEV$b50$c20231002$lBLL01$h0435
=FIN  \\$aY
=LEO  \\$aMP35.0000100088
=LKR  \\$aPAR$lBLL01$r78500$nHerald -12-26 March 1984$b013890010$mThe Harrogate Herald, etc. - 6 May 1847 - 5 March 1984.
=NID  \\$aNID0001716
=SRC  \\$aNPLv17$bbibmp35.20070831.aa
=TCO  \\$aZZZ$c008
=LAS  \\$aRESET-LEV$b50$c20231002$lBLL01$h0435

