=LDR  05774cas a2201141u  4500
=001  013890292
=003  Uk
=005  20220301150953.0
=008  950421d18591872||||||n|||\\\\0\\\||eng\\
=FMT  \\$a  SE
=019  n\$aNLC0000257
=040  \\$aUk$cUk
=082  04$a072.561$222
=245  00$aBedford Times and Bedfordshire Independent.
=336  \\$atext$2rdacontent
=337  \\$aunmediated$2rdamedia
=338  \\$avolume$2rdacarrier
=651  \0$aBedford (England)$vNewspapers.
=651  \0$aBedfordshire (England)$vNewspapers.
=752  \\$aEngland$bBedfordshire$dBedford.$2blnpn
=780  00$tBedford Times$gno. 1-704 (18 Oct. 1845-25 June 1859)$w013890291
=785  00$tBedfordshire Times and Independent$gno. 1389-4879 (17 Aug. 1872-14 July 1939)$w013890293
=866  \0$aNewspapers :no. 705-1388 (2 July 1859-13 Aug. 1872)
=856  42$31859-1872$uhttp://www.britishnewspaperarchive.co.uk/search/results?TitleId=BL/0000940$yBritish Newspaper Archive
=852  41$31845-1859$aBritish Library$bNPL$jNEWS832
=852  41$31845$aBritish Library$bHMNTS$z18 Oct-Dec 1845$zMicroform.$jMFM.M90170 [1845]
=852  41$31846$aBritish Library$bHMNTS$zMicroform.$jMFM.M90170 [1846]
=852  41$31847$aBritish Library$bHMNTS$zJan-25 Dec 1847$zMicroform.$jMFM.M90170 [1847]
=852  41$31848$aBritish Library$bHMNTS$zMicroform.$jMFM.M90171 [1848]
=852  41$31849$aBritish Library$bHMNTS$zMicroform.$jMFM.M90171 [1849]
=852  41$31850$aBritish Library$bHMNTS$zMicroform.$jMFM.M90171 [1850]
=852  41$31851$aBritish Library$bHMNTS$zMicroform.$jMFM.M90172 [1851]
=852  41$31852$aBritish Library$bHMNTS$zMicroform.$jMFM.M90172 [1852]
=852  41$31853$aBritish Library$bHMNTS$zMicroform.$jMFM.M90172 [1853]
=852  41$31854$aBritish Library$bHMNTS$zMicroform.$jMFM.M90173 [1854]
=852  41$31855$aBritish Library$bHMNTS$zMicroform.$jMFM.M90173 [1855]
=852  41$31856$aBritish Library$bHMNTS$zMicroform.$jMFM.M90173 [1856]
=852  41$31857$aBritish Library$bHMNTS$zMicroform.$jMFM.M90174 [1857]
=852  41$31858$aBritish Library$bHMNTS$zMicroform.$jMFM.M90174 [1858]
=852  41$31855-1875$aBritish Library$bNPL$jNEWS3889
=852  41$31856$aBritish Library$bHMNTS$zMicroform.$jMFM.M91426-27
=852  \\$aBritish Library$bNPL$cEW
=852  41$31855$aBritish Library$bHMNTS$z6 Oct-29 Dec 1855$zMicroform.$jMFM.M91425 [1855]
=852  41$31857$aBritish Library$bHMNTS$zMicroform.$jMFM.M91428 [1857]
=852  41$31858$aBritish Library$bHMNTS$zMicroform.$jMFM.M91429 [1858]
=852  41$31860$aBritish Library$bHMNTS$zMicroform.$jMFM.M91430 [1860]
=852  41$31861$aBritish Library$bHMNTS$zMicroform.$jMFM.M91431 [1861]
=852  41$31862$aBritish Library$bHMNTS$zMicroform.$jMFM.M91432 [1862]
=852  41$31863$aBritish Library$bHMNTS$zMicroform.$jMFM.M91433 [1863]
=852  41$31864$aBritish Library$bHMNTS$zMicroform.$jMFM.M91434 [1864]
=852  41$31865$aBritish Library$bHMNTS$zMicroform.$jMFM.M91435 [1865]
=852  41$31866$aBritish Library$bHMNTS$zMicroform.$jMFM.M91436 [1866]
=852  41$31867$aBritish Library$bHMNTS$zMicroform.$jMFM.M91437 [1867]
=852  41$31868$aBritish Library$bHMNTS$zMicroform.$jMFM.M91438 [1868]
=852  41$31869$aBritish Library$bHMNTS$zMicroform.$jMFM.M91439 [1869]
=852  41$31871$aBritish Library$bHMNTS$zMicroform.$jMFM.M91440 [1871]
=852  41$31872$aBritish Library$bHMNTS$zMicroform.$jMFM.M91441 [1872]
=852  41$31873$aBritish Library$bHMNTS$zMicroform.$jMFM.M91442 [1873]
=852  41$31874$aBritish Library$bHMNTS$zMicroform.$jMFM.M91443 [1874]
=852  41$31875$aBritish Library$bHMNTS$zMicroform.$jMFM.M91444 [1875]
=852  41$31859$aBritish Library$bHMNTS$zMicroform.$jMFM.M30743 [1859]
=852  41$31870$aBritish Library$bHMNTS$zMicroform.$jMFM.M23069 [1870]
=852  41$31859-1872$aBritish Library$bNPL$jNEWS833
=985  \\$aUpgraded by BSS-generated file for WR1910-0531
=CAT  \\$aBATCH-NPL$b00$c20070912$lBLL01$h1125
=CAT  \\$aBATCH-856$b50$c20220207$lBLL01$h0756
=CAT  \\$aBATCH-UPD$b50$c20220207$lBLL01$h0800
=CAT  \\$aBATCH-856$b50$c20220214$lBLL01$h0937
=CAT  \\$aBATCH-UPD$b50$c20220214$lBLL01$h0942
=CAT  \\$aBATCH-856$b50$c20220301$lBLL01$h1509
=CAT  \\$aBATCH-UPD$b50$c20220301$lBLL01$h1514
=CAT  \\$aRESET-LEV$b50$c20220302$lBLL01$h0052
=CAT  \\$aRESET-LEV$b50$c20220402$lBLL01$h1723
=CAT  \\$aRESET-LEV$b50$c20220502$lBLL01$h0238
=CAT  \\$aRESET-LEV$b50$c20220602$lBLL01$h2121
=CAT  \\$aRESET-LEV$b50$c20220702$lBLL01$h1724
=CAT  \\$aRESET-LEV$b50$c20220802$lBLL01$h0349
=CAT  \\$aRESET-LEV$b50$c20220902$lBLL01$h2216
=CAT  \\$aRESET-LEV$b50$c20221003$lBLL01$h0410
=CAT  \\$aRESET-LEV$b50$c20221102$lBLL01$h0229
=CAT  \\$aRESET-LEV$b50$c20221202$lBLL01$h2221
=CAT  \\$aRESET-LEV$b50$c20230102$lBLL01$h0255
=CAT  \\$aRESET-LEV$b50$c20230202$lBLL01$h2122
=CAT  \\$aRESET-LEV$b50$c20230302$lBLL01$h2130
=CAT  \\$aRESET-LEV$b50$c20230403$lBLL01$h0237
=CAT  \\$aRESET-LEV$b50$c20230502$lBLL01$h0320
=CAT  \\$aRESET-LEV$b50$c20230602$lBLL01$h2221
=CAT  \\$aRESET-LEV$b50$c20230703$lBLL01$h0502
=CAT  \\$aRESET-LEV$b50$c20230802$lBLL01$h0204
=CAT  \\$aRESET-LEV$b50$c20230902$lBLL01$h1731
=CAT  \\$aRESET-LEV$b50$c20231002$lBLL01$h0435
=FIN  \\$aY
=LEO  \\$aMP35.0000100246.1
=LKR  \\$aPAR$lBLL01$r78500$nBedfordshire Times and Independent - no. 1389-4879 (17 Aug. 1872-14 July 1939)$b013890293$mBedford Times and Bedfordshire Independent. - no. 705-1388 (2 July 1859-13 Aug. 1872)
=NID  \\$aNID0001957
=SRC  \\$aNPLv17$bbibmp35.20070831.aa
=TCO  \\$aZZZ$c008
=LAS  \\$aRESET-LEV$b50$c20231002$lBLL01$h0435

