=LDR  04042cas a2200949 a 4500
=001  013890378
=003  Uk
=005  20220301150953.0
=007  ta
=008  950421d17691886enker\ne\\\\\\0\\\a0eng\\
=FMT  \\$a  SE
=019  n\$aNLC0000290
=019  c\$a2281953
=040  \\$aUk$beng$cUk$dUk
=042  \\$aukblsr
=082  04$a072.234$222
=130  0\$aKentish gazette (1769)
=245  10$aKentish gazette.
=260  \\$aCanterbury :$bC. Petman Rouse, G. Kirkby, jun. and J. Lawrence,$c1769-1886.
=300  \\$av. ;$c50 cm.
=310  \\$aTwo issues weekly
=336  \\$atext$2rdacontent
=337  \\$aunmediated$2rdamedia
=338  \\$avolume$2rdacarrier
=362  1\$aBegan in 1769; ceased in 1886.
=588  \\$aDescription based on: No. 4477 (May 17, 1811).
=651  \0$aCanterbury (England)$vNewspapers.
=651  \0$aKent (England)$vNewspapers.
=752  \\$aEngland$bKent$dCanterbury.$2blnpn
=780  00$tKentish gazette, or Canterbury chronicle
=785  00$tKentish gazette and Canterbury times
=866  \0$aNewspapers :No. 95-3554, 3567, 3592, 3602, 3643, 3663, 3708-5481, 5692-9496 (22 Apr. 1769-13 July, 27 Aug., 23 Nov., 28 Dec. 1802; 20 May, 2 Aug. 1803; 3 Jan. 1804-29 Dec. 1820; 3 Jan. 1823-27 March 1886)
=856  42$31769-1804, 1807-1816, 1833-1840, 1842-1874, 1876-1882, 1885-1886$uhttp://www.britishnewspaperarchive.co.uk/search/results?TitleId=BL/0000235$yBritish Newspaper Archive
=852  41$31880$aBritish Library$bNPL$cEW$j409 [1880]
=852  41$31896$aBritish Library$bNPL$cLON$j82 [1896]
=852  \\$aBritish Library$bNPL$cEW
=852  \\$aBritish Library$bNPL$cEW
=852  \\$aBritish Library$bNPL$cEW
=852  \\$aBritish Library$bNPL$cEW
=852  41$31879$aBritish Library$bNPL$cEW$j246 [1879]
=852  41$aBritish Library$bNPL$jNEWS shelfmarks - see explore.bl.uk for full holdings
=852  41$aBritish Library$bHMNTS$zJan. - July$zMicroform.$jMFM shelfmarks - see explore.bl.uk for full holdings
=852  41$aBritish Library$bNPL$jPENN shelfmarks - see explore.bl.uk for full holdings
=945  \\$aKENTISH GAZETTE.
=963  \\$aNO. 294, 1771 *A=1; 6480, 1830 *A=1$bN$cNPR(MISC.)
=979  \\$aBritish Library$bDSC$j5089.611700N
=CAT  \\$aBATCH-NPL$b00$c20070912$lBLL01$h1125
=CAT  \\$aBATCH-856$b50$c20220207$lBLL01$h0756
=CAT  \\$aBATCH-UPD$b50$c20220207$lBLL01$h0800
=CAT  \\$aBATCH-856$b50$c20220214$lBLL01$h0937
=CAT  \\$aBATCH-UPD$b50$c20220214$lBLL01$h0942
=CAT  \\$aBATCH-856$b50$c20220301$lBLL01$h1509
=CAT  \\$aBATCH-UPD$b50$c20220301$lBLL01$h1514
=CAT  \\$aRESET-LEV$b50$c20220302$lBLL01$h0052
=CAT  \\$aRESET-LEV$b50$c20220402$lBLL01$h1723
=CAT  \\$aRESET-LEV$b50$c20220502$lBLL01$h0238
=CAT  \\$aRESET-LEV$b50$c20220602$lBLL01$h2122
=CAT  \\$aRESET-LEV$b50$c20220702$lBLL01$h1724
=CAT  \\$aRESET-LEV$b50$c20220802$lBLL01$h0350
=CAT  \\$aRESET-LEV$b50$c20220902$lBLL01$h2217
=CAT  \\$aRESET-LEV$b50$c20221003$lBLL01$h0410
=CAT  \\$aRESET-LEV$b50$c20221102$lBLL01$h0229
=CAT  \\$aRESET-LEV$b50$c20221202$lBLL01$h2221
=CAT  \\$aRESET-LEV$b50$c20230102$lBLL01$h0255
=CAT  \\$aRESET-LEV$b50$c20230202$lBLL01$h2122
=CAT  \\$aRESET-LEV$b50$c20230302$lBLL01$h2130
=CAT  \\$aRESET-LEV$b50$c20230403$lBLL01$h0237
=CAT  \\$aRESET-LEV$b50$c20230502$lBLL01$h0320
=CAT  \\$aRESET-LEV$b50$c20230602$lBLL01$h2221
=CAT  \\$aRESET-LEV$b50$c20230703$lBLL01$h0503
=CAT  \\$aRESET-LEV$b50$c20230802$lBLL01$h0204
=CAT  \\$aRESET-LEV$b50$c20230902$lBLL01$h1731
=CAT  \\$aRESET-LEV$b50$c20231002$lBLL01$h0435
=FIN  \\$aY
=LEO  \\$aMP10.0000330463
=LEO  \\$aMP35.0000100279.2
=LKR  \\$aPAR$b013890377$lBLL01$r78000$mThe Kentish gazette (1769)$nThe Kentish gazette, or Canterbury chronicle.
=NID  \\$aNID0002029
=SRC  \\$aDSS01$bbibmp10.200404.2.aa
=SRC  \\$aNPLv17$bbibmp35.20070831.aa
=TCO  \\$aCLA$bCLA$c008
=LAS  \\$aRESET-LEV$b50$c20231002$lBLL01$h0435

