=LDR  03801cas a2200853u  4500
=001  013890519
=003  Uk
=005  20220301150953.0
=008  950421d17861853||||||n|||\\\\0\\\||eng\\
=FMT  \\$a  SE
=019  n\$aNLC0000352
=019  x\$a2540120199
=040  \\$aUk$cUk
=082  04$a072.2375$222
=130  4\$aThe Maidstone Journal and Kentish Advertiser.
=245  14$aThe Maidstone Journal and Kentish Advertiser.
=336  \\$atext$2rdacontent
=337  \\$aunmediated$2rdamedia
=338  \\$avolume$2rdacarrier
=500  \\$aWanting 1800; 1817; 1897.
=500  \\$aMicrofilm only: 1786-99; 1801-16; 1818-29. (Except 9 Oct.1787; 28 June 1791; 2 July 1799 for which original copies are also held.)
=651  \0$aKent (England)$vNewspapers.
=651  \0$aMaidstone (England)$vNewspapers.
=752  \\$aEngland$bKent$dMaidstone.$2blnpn
=785  00$tMaidstone and Kentish Journal$gno. 3503-11409 (24 May 1853-30 Dec. 1911)$w013890520
=866  \0$aNewspapers :no. 1-3503 (25 Jan. 1786 - 17 May 1853)
=883  0\$aLanguage codes assigned by Bayesian analysis of words present in record$d20200826$qUk$c0.9919
=856  42$31830-1853$uhttp://www.britishnewspaperarchive.co.uk/search/results?TitleId=BL/0001428$yBritish Newspaper Archive
=852  41$31859$aBritish Library$bNPL$cEW$j646 [1859]
=852  41$31964$aBritish Library$bNPL$j1886 [1964]
=852  41$31875$aBritish Library$bNPL$cEW$j303 [1875]
=852  \\$aBritish Library$bNPL$cEW
=852  \\$aBritish Library$bNPL$cEW
=852  41$aBritish Library$bNPL$jNEWS shelfmarks - see explore.bl.uk for full holdings
=852  41$aBritish Library$bHMNTS$zMicroform.$jMFM shelfmarks - see explore.bl.uk for full holdings
=852  41$aBritish Library$bNPL$jPENN shelfmarks - see explore.bl.uk for full holdings
=985  \\$aDisaggregated Record: NPL
=985  \\$aUpgraded by BSS-generated file for WR2009-0365
=CAT  \\$aBATCH-NPL$b00$c20070912$lBLL01$h1125
=CAT  \\$aBATCH-856$b50$c20220207$lBLL01$h0756
=CAT  \\$aBATCH-UPD$b50$c20220207$lBLL01$h0800
=CAT  \\$aBATCH-856$b50$c20220214$lBLL01$h0937
=CAT  \\$aBATCH-UPD$b50$c20220214$lBLL01$h0943
=CAT  \\$aBATCH-856$b50$c20220301$lBLL01$h1509
=CAT  \\$aBATCH-UPD$b50$c20220301$lBLL01$h1514
=CAT  \\$aRESET-LEV$b50$c20220302$lBLL01$h0052
=CAT  \\$aRESET-LEV$b50$c20220402$lBLL01$h1723
=CAT  \\$aRESET-LEV$b50$c20220502$lBLL01$h0238
=CAT  \\$aRESET-LEV$b50$c20220602$lBLL01$h2122
=CAT  \\$aRESET-LEV$b50$c20220702$lBLL01$h1725
=CAT  \\$aRESET-LEV$b50$c20220802$lBLL01$h0350
=CAT  \\$aRESET-LEV$b50$c20220902$lBLL01$h2217
=CAT  \\$aRESET-LEV$b50$c20221003$lBLL01$h0410
=CAT  \\$aRESET-LEV$b50$c20221102$lBLL01$h0229
=CAT  \\$aRESET-LEV$b50$c20221202$lBLL01$h2221
=CAT  \\$aRESET-LEV$b50$c20230102$lBLL01$h0255
=CAT  \\$aRESET-LEV$b50$c20230202$lBLL01$h2122
=CAT  \\$aRESET-LEV$b50$c20230302$lBLL01$h2130
=CAT  \\$aRESET-LEV$b50$c20230403$lBLL01$h0237
=CAT  \\$aRESET-LEV$b50$c20230502$lBLL01$h0321
=CAT  \\$aRESET-LEV$b50$c20230602$lBLL01$h2222
=CAT  \\$aRESET-LEV$b50$c20230703$lBLL01$h0503
=CAT  \\$aRESET-LEV$b50$c20230802$lBLL01$h0204
=CAT  \\$aRESET-LEV$b50$c20230902$lBLL01$h1732
=CAT  \\$aRESET-LEV$b50$c20231002$lBLL01$h0435
=FIN  \\$aY
=LEO  \\$aMP35.0000100338
=LEO  \\$aMP1.0003042092
=LKR  \\$aPAR$lBLL01$r78500$nMaidstone and Kentish Journal - no. 3503-11409 (24 May 1853-30 Dec. 1911)$b013890520$mThe Maidstone Journal and Kentish Advertiser. - no. 1-3503 (25 Jan. 1786 - 17 May 1853)
=NID  \\$aNID0002154
=SRC  \\$aNPLv17$bbibmp35.20070831.aa
=SRC  \\$aBLS01$bbibmp1.200404.2.ad
=TCO  \\$aZZZ$c008
=LAS  \\$aRESET-LEV$b50$c20231002$lBLL01$h0435

