=LDR  03718cas a2200853u  4500
=001  013890909
=003  Uk
=005  20220301150955.0
=008  950421d18451918||||||n|||\\\\0\\\||eng\\
=FMT  \\$a  SE
=019  n\$aNLC0000509
=040  \\$aUk$cUk
=082  04$a072.615$222
=130  4\$aThe Norfolk News.
=245  14$aThe Norfolk News.
=336  \\$atext$2rdacontent
=337  \\$aunmediated$2rdamedia
=338  \\$avolume$2rdacarrier
=500  \\$aWanting 1898, 1912.
=651  \0$aNorfolk (England)$vNewspapers.
=651  \0$aNorwich (England)$vNewspapers.
=752  \\$aEngland$bNorfolk$dNorwich.$2blnpn
=785  00$tNorfolk News & Weekly Press$gno.3804-5431 (4 Jan. 1919-27 May 1949)$w013890910
=866  \0$aNewspapers :no.1-3803 (4 Jan. 1845-28 Dec. 1918)
=883  0\$aLanguage codes assigned by Bayesian analysis of words present in record$d20200826$qUk$c0.9919
=856  42$31845-1897, 1899-1911$uhttp://www.britishnewspaperarchive.co.uk/search/results?TitleId=BL/0000247$yBritish Newspaper Archive
=852  \\$aBritish Library$bNPL$cEW
=852  41$31880$aBritish Library$bNPL$cEW$j556 [1880]
=852  41$31871$aBritish Library$bNPL$cEW$j507 [1871]
=852  41$31880$aBritish Library$bNPL$cEW$j126 [1880]
=852  41$31889$aBritish Library$bNPL$cEW$j5 [1889]
=852  41$31896$aBritish Library$bNPL$cEW$j491-3 [1896]
=852  41$31877$aBritish Library$bNPL$cEW$j219 [1877]
=852  41$31879$aBritish Library$bNPL$cEW$j1290 [1879]
=852  41$31897$aBritish Library$bNPL$cEW$j321 [1897]
=852  41$aBritish Library$bNPL$jNEWS shelfmarks - see explore.bl.uk for full holdings
=852  41$aBritish Library$bHMNTS$zMicroform.$jMFM shelfmarks - see explore.bl.uk for full holdings
=852  41$aBritish Library$bNPL$jPENN shelfmarks - see explore.bl.uk for full holdings
=985  \\$aDisaggregated Record: NPL
=985  \\$aUpgraded by BSS-generated file for WR2009-0365
=CAT  \\$aBATCH-NPL$b00$c20070912$lBLL01$h1126
=CAT  \\$aBATCH-856$b50$c20220207$lBLL01$h0756
=CAT  \\$aBATCH-UPD$b50$c20220207$lBLL01$h0802
=CAT  \\$aBATCH-856$b50$c20220214$lBLL01$h0937
=CAT  \\$aBATCH-UPD$b50$c20220214$lBLL01$h0944
=CAT  \\$aBATCH-856$b50$c20220301$lBLL01$h1509
=CAT  \\$aBATCH-UPD$b50$c20220301$lBLL01$h1515
=CAT  \\$aRESET-LEV$b50$c20220302$lBLL01$h0052
=CAT  \\$aRESET-LEV$b50$c20220402$lBLL01$h1724
=CAT  \\$aRESET-LEV$b50$c20220502$lBLL01$h0239
=CAT  \\$aRESET-LEV$b50$c20220602$lBLL01$h2122
=CAT  \\$aRESET-LEV$b50$c20220702$lBLL01$h1725
=CAT  \\$aRESET-LEV$b50$c20220802$lBLL01$h0350
=CAT  \\$aRESET-LEV$b50$c20220902$lBLL01$h2217
=CAT  \\$aRESET-LEV$b50$c20221003$lBLL01$h0410
=CAT  \\$aRESET-LEV$b50$c20221102$lBLL01$h0230
=CAT  \\$aRESET-LEV$b50$c20221202$lBLL01$h2221
=CAT  \\$aRESET-LEV$b50$c20230102$lBLL01$h0256
=CAT  \\$aRESET-LEV$b50$c20230202$lBLL01$h2123
=CAT  \\$aRESET-LEV$b50$c20230302$lBLL01$h2131
=CAT  \\$aRESET-LEV$b50$c20230403$lBLL01$h0238
=CAT  \\$aRESET-LEV$b50$c20230502$lBLL01$h0321
=CAT  \\$aRESET-LEV$b50$c20230602$lBLL01$h2222
=CAT  \\$aRESET-LEV$b50$c20230703$lBLL01$h0503
=CAT  \\$aRESET-LEV$b50$c20230802$lBLL01$h0205
=CAT  \\$aRESET-LEV$b50$c20230902$lBLL01$h1732
=CAT  \\$aRESET-LEV$b50$c20231002$lBLL01$h0436
=FIN  \\$aY
=LEO  \\$aMP35.0000100494
=LKR  \\$aPAR$lBLL01$r78500$nNorfolk News & Weekly Press - no.3804-5431 (4 Jan. 1919-27 May 1949)$b013890910$mThe Norfolk News. - no.1-3803 (4 Jan. 1845-28 Dec. 1918)
=NID  \\$aNID0002467
=SRC  \\$aNPLv17$bbibmp35.20070831.aa
=TCO  \\$aZZZ$c008
=LAS  \\$aRESET-LEV$b50$c20231002$lBLL01$h0436

