=LDR  05844cas a2201177u  4500
=001  013891119
=003  Uk
=005  20220301150955.0
=008  950421d18711924||||||n|||\\\\0\\\|||||\\
=FMT  \\$a  SE
=019  n\$aNLC0000622
=040  \\$aUk$cUk
=082  04$a072.91835$222
=245  04$aThe Evening Telegraph.
=336  \\$atext$2rdacontent
=337  \\$aunmediated$2rdamedia
=338  \\$avolume$2rdacarrier
=500  \\$aIssues for June 1916 to Dec. 1918 are held on microfilm only.
=651  \0$aDublin (Ireland : County)$vNewspapers.
=651  \0$aDublin (Ireland)$vNewspapers.
=752  \\$aIreland$bCo. Dublin$dDublin.$2blnpn
=866  \0$aNewspapers :no. 1-[n.s.] 12679 (1 July 1871-19 Dec. 1924)
=856  42$31871-1873, 1875-1882, 1886-1903, 1905-1915, 1919-1924$uhttp://www.britishnewspaperarchive.co.uk/search/results?TitleId=BL/0002093$yBritish Newspaper Archive
=852  41$31879$aBritish Library$bHMNTS$zMicroform.$jMFM.M81014 [1879]
=852  41$31875$aBritish Library$bHMNTS$z30 Aug-31 Dec$zMicroform.$jMFM.M8691 [1875]
=852  41$31878$aBritish Library$bHMNTS$zMicroform.$jMFM.M13417 [1878]
=852  41$31878$aBritish Library$bHMNTS$zMicroform.$jMFM.M13416 [1878]
=852  41$31878$aBritish Library$bHMNTS$zMicroform.$jMFM.M13388 [1878]
=852  41$31878$aBritish Library$bHMNTS$zMicroform.$jMFM.M13387 [1878]
=852  41$31886$aBritish Library$bHMNTS$zSep - Dec$zMicroform.$jMFM.M8870 [1886]
=852  41$31889$aBritish Library$bHMNTS$zSep - Dec$zMicroform.$jMFM.M8871 [1889]
=852  41$31901$aBritish Library$bHMNTS$zJul - Dec$zMicroform.$jMFM.M257 [1901]
=852  41$31916$aBritish Library$bHMNTS$zMicroform.$jMFM.M18452 [1916]
=852  41$31917$aBritish Library$bHMNTS$zMicroform.$jMFM.M18454 [1917]
=852  41$31917$aBritish Library$bHMNTS$zMicroform.$jMFM.M18453 [1917]
=852  41$31918$aBritish Library$bHMNTS$zMicroform.$jMFM.M18456 [1918]
=852  41$31918$aBritish Library$bHMNTS$zMicroform.$jMFM.M18455 [1918]
=852  41$31919$aBritish Library$bHMNTS$zJan - Jun$zMicroform.$jMFM.M18457 [1919]
=852  41$31912$aBritish Library$bHMNTS$zMicroform.$jMFM.M39538-41
=852  41$31923$aBritish Library$bHMNTS$zJan - Jun$zMicroform.$jMFM.M1660-1
=852  41$31897-1924$aBritish Library$bNPL$jNEWS1275
=852  \\$aBritish Library$bNPL$cIRL
=852  41$31872$aBritish Library$bHMNTS$zMicroform.$jMFM.M8685-7
=852  41$31873$aBritish Library$bHMNTS$zMicroform.$jMFM.M14092-5
=852  41$31876$aBritish Library$bHMNTS$zMicroform.$jMFM.M8692-4
=852  41$31876$aBritish Library$bHMNTS$zMicroform.$jMFM.M13381-3
=852  41$31877$aBritish Library$bHMNTS$zMicroform.$jMFM.M8695-7
=852  41$31877$aBritish Library$bHMNTS$zMicroform.$jMFM.M13384-86
=852  41$31878$aBritish Library$bHMNTS$zMicroform.$jMFM.M8698-700
=852  41$31879$aBritish Library$bHMNTS$zMicroform.$jMFM.M8701-3
=852  41$31880$aBritish Library$bHMNTS$zMicroform.$jMFM.M8704-6
=852  41$31881$aBritish Library$bHMNTS$zMicroform.$jMFM.M8707-09
=852  41$31882$aBritish Library$bHMNTS$zMicroform.$jMFM.M8710-12
=852  41$31883$aBritish Library$bHMNTS$zMicroform.$jMFM.M8713-15
=852  41$31884$aBritish Library$bHMNTS$zMicroform.$jMFM.M8716-18
=852  41$31885$aBritish Library$bHMNTS$zMicroform.$jMFM.M8719-21
=852  41$31886$aBritish Library$bHMNTS$zJan - Aug$zMicroform.$jMFM.M8722-3
=852  41$31887$aBritish Library$bHMNTS$zMicroform.$jMFM.M8724-26
=852  41$31888$aBritish Library$bHMNTS$zMicroform.$jMFM.M8727-29
=852  41$31889$aBritish Library$bHMNTS$zJan - Aug$zMicroform.$jMFM.M8730-1
=852  41$31890$aBritish Library$bHMNTS$zMicroform.$jMFM.M8732-34
=852  41$31891$aBritish Library$bHMNTS$zMicroform.$jMFM.M8735-38
=852  41$31892$aBritish Library$bHMNTS$zMicroform.$jMFM.M8739-41
=852  41$31893$aBritish Library$bHMNTS$zMicroform.$jMFM.M8742-44
=852  41$31894$aBritish Library$bHMNTS$zMicroform.$jMFM.M8745-47
=852  41$31895$aBritish Library$bHMNTS$zMicroform.$jMFM.M8748-50
=852  41$31896$aBritish Library$bHMNTS$zMicroform.$jMFM.M8751-53
=852  41$31879$aBritish Library$bHMNTS$zMay-Aug$zMicroform.$jMFM.M81014 [1879]
=852  41$31871$aBritish Library$bHMNTS$zMicroform.$jMFM.M8684 [1871]
=CAT  \\$aBATCH-NPL$b00$c20070912$lBLL01$h1126
=CAT  \\$aBATCH-UPD$b50$c20211101$lBLL01$h1358
=CAT  \\$aBATCH-856$b50$c20211108$lBLL01$h1044
=CAT  \\$aBATCH-UPD$b50$c20211108$lBLL01$h1047
=CAT  \\$aBATCH-856$b50$c20211115$lBLL01$h0939
=CAT  \\$aBATCH-UPD$b50$c20211115$lBLL01$h0943
=CAT  \\$aBATCH-856$b50$c20211122$lBLL01$h1253
=CAT  \\$aBATCH-UPD$b50$c20211122$lBLL01$h1257
=CAT  \\$aBATCH-856$b50$c20211220$lBLL01$h1031
=CAT  \\$aBATCH-UPD$b50$c20211220$lBLL01$h1037
=CAT  \\$aBATCH-856$b50$c20211228$lBLL01$h1449
=CAT  \\$aBATCH-UPD$b50$c20211228$lBLL01$h1501
=CAT  \\$aBATCH-856$b50$c20220104$lBLL01$h0957
=CAT  \\$aBATCH-UPD$b50$c20220104$lBLL01$h1003
=CAT  \\$aBATCH-856$b50$c20220110$lBLL01$h1300
=CAT  \\$aBATCH-UPD$b50$c20220110$lBLL01$h1315
=CAT  \\$aBATCH-856$b50$c20220117$lBLL01$h1433
=CAT  \\$aBATCH-UPD$b50$c20220117$lBLL01$h1444
=CAT  \\$aBATCH-856$b50$c20220131$lBLL01$h1009
=CAT  \\$aBATCH-UPD$b50$c20220131$lBLL01$h1014
=CAT  \\$aBATCH-856$b50$c20220207$lBLL01$h0756
=CAT  \\$aBATCH-UPD$b50$c20220207$lBLL01$h0802
=CAT  \\$aBATCH-856$b50$c20220214$lBLL01$h0937
=CAT  \\$aBATCH-UPD$b50$c20220214$lBLL01$h0945
=CAT  \\$aBATCH-856$b50$c20220301$lBLL01$h1509
=CAT  \\$aBATCH-UPD$b50$c20220301$lBLL01$h1516
=FIN  \\$aY
=LEO  \\$aMP35.0000100603
=NID  \\$aNID0002630
=SRC  \\$aNPLv17$bbibmp35.20070831.aa
=TCO  \\$aZZZ$c008
=LAS  \\$aBATCH-UPD$b50$c20220301$lBLL01$h1516

