=LDR  06588cas a2201297u  4500
=001  013891452
=003  Uk
=005  20220301150956.0
=008  950421d19031986||||||n|||\\\\0\\\||eng\\
=FMT  \\$a  SE
=019  n\$aNLC0000829
=040  \\$aUk$cUk
=082  04$a072.187$222
=245  04$aThe Finchley Press.
=336  \\$atext$2rdacontent
=337  \\$aunmediated$2rdamedia
=338  \\$avolume$2rdacarrier
=500  \\$aMicrofilm: 1977 to 1986.
=651  \0$aBarnet (London, England)$vNewspapers.
=752  \\$aEngland$dLondon$fBarnet.$2blnpn
=780  00$tFree Press$gno. 256-551 (25 Dec. 1897-22 Aug. 1903)$w013891451
=866  \0$aNewspapers :no. 552-4834 (29 Aug. 1903-31 July 1986)
=883  0\$aLanguage codes assigned by Bayesian analysis of words present in record$d20201028$qUk$c0.9010
=856  42$31903-1909$uhttp://www.britishnewspaperarchive.co.uk/search/results?TitleId=BL/0004314$yBritish Newspaper Archive
=852  41$31928-1944$aBritish Library$bNPL$jNEWS7806
=852  41$31928-1929$aBritish Library$bHMNTS$zMicroform.$jMFM.M11504 [1928-1929]
=852  41$31928-1929$aBritish Library$bHMNTS$zMicroform.$jMFM.M11503 [1928-1929]
=852  41$31930$aBritish Library$bHMNTS$zMicroform.$jMFM.M11505 [1930]
=852  41$31931$aBritish Library$bHMNTS$zMicroform.$jMFM.M11506 [1931]
=852  41$31932$aBritish Library$bHMNTS$zMicroform.$jMFM.M11507 [1932]
=852  41$31933$aBritish Library$bHMNTS$zMicroform.$jMFM.M11508 [1933]
=852  41$31934$aBritish Library$bHMNTS$zMicroform.$jMFM.M11509 [1934]
=852  41$31935$aBritish Library$bHMNTS$zMicroform.$jMFM.M11510 [1935]
=852  41$31936$aBritish Library$bHMNTS$zMicroform.$jMFM.M11511 [1936]
=852  41$31937$aBritish Library$bHMNTS$zMicroform.$jMFM.M11512 [1937]
=852  41$31938$aBritish Library$bHMNTS$zMicroform.$jMFM.M11513 [1938]
=852  41$31939-1940$aBritish Library$bHMNTS$zMicroform.$jMFM.M11514 [1939-1940]
=852  41$31941-1943$aBritish Library$bHMNTS$zMicroform.$jMFM.M11515 [1941-1943]
=852  41$31892-1952$aBritish Library$bNPL$jNEWS8375
=852  41$31896$aBritish Library$bHMNTS$zMicroform.$jMFM.M38021 [1896]
=852  41$31904-1941$aBritish Library$bNPL$jNEWS7628
=852  41$31924$aBritish Library$bHMNTS$zMicroform.$jMFM.M87803 [1924]
=852  41$31925$aBritish Library$bHMNTS$zMicroform.$jMFM.M87804 [1925]
=852  41$31926$aBritish Library$bHMNTS$zMicroform.$jMFM.M87805 [1926]
=852  41$31927$aBritish Library$bHMNTS$zMicroform.$jMFM.M87806 [1927]
=852  41$31928$aBritish Library$bHMNTS$zMicroform.$jMFM.M87807 [1928]
=852  41$31929$aBritish Library$bHMNTS$zMicroform.$jMFM.M87808 [1929]
=852  41$31930$aBritish Library$bHMNTS$zMicroform.$jMFM.M87809 [1930]
=852  41$31931$aBritish Library$bHMNTS$zMicroform.$jMFM.M87810 [1931]
=852  41$31932$aBritish Library$bHMNTS$zMicroform.$jMFM.M87811 [1932]
=852  41$31933$aBritish Library$bHMNTS$zMicroform.$jMFM.M87812 [1933]
=852  41$31934$aBritish Library$bHMNTS$zMicroform.$jMFM.M87813 [1934]
=852  41$31935$aBritish Library$bHMNTS$zMicroform.$jMFM.M87814 [1935]
=852  41$31936$aBritish Library$bHMNTS$zMicroform.$jMFM.M87815 [1936]
=852  41$31937$aBritish Library$bHMNTS$zMicroform.$jMFM.M87816 [1937]
=852  41$31938$aBritish Library$bHMNTS$zMicroform.$jMFM.M87817 [1938]
=852  41$31939$aBritish Library$bHMNTS$zMicroform.$jMFM.M87818 [1939]
=852  41$31940$aBritish Library$bHMNTS$zMicroform.$jMFM.M87819 [1940]
=852  41$31941$aBritish Library$bHMNTS$zMicroform.$jMFM.M87819 [1941]
=852  41$31905$aBritish Library$bHMNTS$zMicroform.$jMFM.M87786 [1905]
=852  41$31906$aBritish Library$bHMNTS$zMicroform.$jMFM.M87787 [1906]
=852  41$31907$aBritish Library$bHMNTS$zMicroform.$jMFM.M87788 [1907]
=852  41$31908$aBritish Library$bHMNTS$zMicroform.$jMFM.M87789 [1908]
=852  41$31909$aBritish Library$bHMNTS$zMicroform.$jMFM.M87790 [1909]
=852  41$31910$aBritish Library$bHMNTS$zMicroform.$jMFM.M87791 [1910]
=852  41$31911$aBritish Library$bHMNTS$zMicroform.$jMFM.M87792 [1911]
=852  41$31912$aBritish Library$bHMNTS$zMicroform.$jMFM.M87793 [1912]
=852  41$31913$aBritish Library$bHMNTS$zMicroform.$jMFM.M87794 [1913]
=852  41$31914$aBritish Library$bHMNTS$zMicroform.$jMFM.M87795 [1914]
=852  41$31915$aBritish Library$bHMNTS$zMicroform.$jMFM.M87796 [1915]
=852  41$31917$aBritish Library$bHMNTS$zMicroform.$jMFM.M87797 [1917]
=852  41$31918$aBritish Library$bHMNTS$zMicroform.$jMFM.M87798 [1918]
=852  41$31919$aBritish Library$bHMNTS$zMicroform.$jMFM.M87798 [1919]
=852  41$31920$aBritish Library$bHMNTS$zMicroform.$jMFM.M87799 [1920]
=852  41$31921$aBritish Library$bHMNTS$zMicroform.$jMFM.M87800 [1921]
=852  41$31922$aBritish Library$bHMNTS$zMicroform.$jMFM.M87801 [1922]
=852  41$31923$aBritish Library$bHMNTS$zMicroform.$jMFM.M87802 [1923]
=852  \\$aBritish Library$bNPL$cLON
=852  41$31977-1986$aBritish Library$bHMNTS$zMicroform.$jMFM.SP16
=852  41$31903-1976$aBritish Library$bNPL$jNEWS1421
=985  \\$aDisaggregated Record: NPL
=985  \\$aUpgraded by BSS-generated file for WR2011-1472
=CAT  \\$aBATCH-NPL$b00$c20070912$lBLL01$h1126
=CAT  \\$aBATCH-LINK$b00$c20070915$lBLL01$h0502
=CAT  \\$aBATCH$b00$c20070916$lBLL01$h1740
=CAT  \\$aB-BSS-DEL$b00$c20080331$lBLL01$h1537
=CAT  \\$aNPL-008-N$c20110504$lBLL01$h2205
=CAT  \\$aADD-NID$b00$c20110805$lBLL01$h1426
=CAT  \\$aWR11_021$c20111124$lBLL01$h1523
=CAT  \\$aWR11_021$c20111124$lBLL01$h1531
=CAT  \\$aNPL-LOCK$b77$c20140207$lBLL01$h2153
=CAT  \\$c20140214$lBLL01$h1739
=CAT  \\$aNSB-MIG$b50$c20140215$lBLL01$h0201
=CAT  \\$aNSB-MIG$b50$c20140215$lBLL01$h0202
=CAT  \\$aRESET-LEV$b50$c20140302$lBLL01$h2336
=CAT  \\$aW2011-1472$b00$c20201127$lBLL01$h1812
=CAT  \\$aRESET-LEV$b50$c20201127$lBLL01$h2237
=CAT  \\$aBATCH-856$b50$c20220131$lBLL01$h1009
=CAT  \\$aBATCH-UPD$b50$c20220131$lBLL01$h1015
=CAT  \\$aBATCH-856$b50$c20220207$lBLL01$h0756
=CAT  \\$aBATCH-UPD$b50$c20220207$lBLL01$h0802
=CAT  \\$aBATCH-856$b50$c20220214$lBLL01$h0937
=CAT  \\$aBATCH-UPD$b50$c20220214$lBLL01$h0945
=CAT  \\$aBATCH-856$b50$c20220301$lBLL01$h1509
=CAT  \\$aBATCH-UPD$b50$c20220301$lBLL01$h1516
=FIN  \\$aY
=LEO  \\$aMP35.0000100807.2
=NID  \\$aNID0002891
=SRC  \\$aNPLv17$bbibmp35.20070831.aa
=TCO  \\$aZZZ$c008
=LAS  \\$aBATCH-UPD$b50$c20220301$lBLL01$h1516

