=LDR  03894cas a2200817u  4500
=001  013891492
=003  Uk
=005  20220301150956.0
=008  950421d18941945||||||n|||\\\\0\\\||eng\\
=FMT  \\$a  SE
=019  n\$aNLC0000847
=040  \\$aUk$cUk
=082  04$a072.176$222
=245  04$aThe Boro" of West Ham, East Ham, and Stratford Express.
=336  \\$atext$2rdacontent
=337  \\$aunmediated$2rdamedia
=338  \\$avolume$2rdacarrier
=651  \0$aNewham (London, England)$vNewspapers.
=752  \\$aEngland$dLondon$fNewham.$2blnpn
=780  00$tBorough of West Ham, and Stratford Express, etc.$gno. 1331-1733 (12 Jan. 1887-29 Sept. 1894)$w013891491
=785  00$tBoro" of West Ham, East Ham, Barking and Stratford Express$gno. 4362-5076 (16 Feb. 1945-24 Oct. 1958)$w013891493
=866  \0$aNewspapers :no. 1734-4361 (6 Oct. 1894-9 Feb. 1945)
=856  42$31912$uhttp://www.britishnewspaperarchive.co.uk/search/results?TitleId=BL/0003292$yBritish Newspaper Archive
=852  41$31887-1894$aBritish Library$bNPL$jNEWS1444
=852  41$31893$aBritish Library$bHMNTS$zMicroform.$jMFM.M39141 [1893]
=852  41$31894-1945$aBritish Library$bNPL$jNEWS1445
=852  41$31935$aBritish Library$bHMNTS$zJul-Dec$zMicroform$jMFM.M31507 [1935]
=852  41$31946$aBritish Library$bHMNTS$z4 Jan 1946- 27 Dec 1946$zMicroform
=852  41$31912$aBritish Library$bHMNTS$zJul - Dec$zMicroform.$jMFM.M28839 [1912]
=852  41$31912$aBritish Library$bHMNTS$zJan - Jun$zMicroform.$jMFM.M28838 [1912]
=852  41$31915$aBritish Library$bHMNTS$zMicroform.$jMFM.M36023 [1915]
=852  41$31915$aBritish Library$bHMNTS$zMicroform.$jMFM.M36022 [1915]
=852  41$31919$aBritish Library$bHMNTS$zMicroform.$jMFM.M39158 [1919]
=852  41$31919$aBritish Library$bHMNTS$zMicroform.$jMFM.M39157 [1919]
=852  41$31922$aBritish Library$bHMNTS$zMicroform.$jMFM.M39374 [1922]
=852  41$31922$aBritish Library$bHMNTS$zMicroform.$jMFM.M39373 [1922]
=985  \\$aUpgraded by BSS-generated file for WR1910-0531
=CAT  \\$aBATCH-NPL$b00$c20070912$lBLL01$h1126
=CAT  \\$aBATCH-856$b50$c20220207$lBLL01$h0756
=CAT  \\$aBATCH-UPD$b50$c20220207$lBLL01$h0802
=CAT  \\$aBATCH-856$b50$c20220214$lBLL01$h0937
=CAT  \\$aBATCH-UPD$b50$c20220214$lBLL01$h0946
=CAT  \\$aBATCH-856$b50$c20220301$lBLL01$h1509
=CAT  \\$aBATCH-UPD$b50$c20220301$lBLL01$h1516
=CAT  \\$aRESET-LEV$b50$c20220302$lBLL01$h0052
=CAT  \\$aRESET-LEV$b50$c20220402$lBLL01$h1724
=CAT  \\$aRESET-LEV$b50$c20220502$lBLL01$h0239
=CAT  \\$aRESET-LEV$b50$c20220602$lBLL01$h2122
=CAT  \\$aRESET-LEV$b50$c20220702$lBLL01$h1726
=CAT  \\$aRESET-LEV$b50$c20220802$lBLL01$h0350
=CAT  \\$aRESET-LEV$b50$c20220902$lBLL01$h2218
=CAT  \\$aRESET-LEV$b50$c20221003$lBLL01$h0411
=CAT  \\$aRESET-LEV$b50$c20221102$lBLL01$h0230
=CAT  \\$aRESET-LEV$b50$c20221202$lBLL01$h2221
=CAT  \\$aRESET-LEV$b50$c20230102$lBLL01$h0256
=CAT  \\$aRESET-LEV$b50$c20230202$lBLL01$h2123
=CAT  \\$aRESET-LEV$b50$c20230302$lBLL01$h2131
=CAT  \\$aRESET-LEV$b50$c20230403$lBLL01$h0238
=CAT  \\$aRESET-LEV$b50$c20230502$lBLL01$h0321
=CAT  \\$aRESET-LEV$b50$c20230602$lBLL01$h2222
=CAT  \\$aRESET-LEV$b50$c20230703$lBLL01$h0504
=CAT  \\$aRESET-LEV$b50$c20230802$lBLL01$h0205
=CAT  \\$aRESET-LEV$b50$c20230902$lBLL01$h1733
=CAT  \\$aRESET-LEV$b50$c20231002$lBLL01$h0437
=FIN  \\$aY
=LEO  \\$aMP35.0000100825.2
=LKR  \\$aPAR$lBLL01$r78500$nBoro" of West Ham, East Ham, Barking and Stratford Express - no. 4362-5076 (16 Feb. 1945-24 Oct. 1958)$b013891493$mThe Boro" of West Ham, East Ham, and Stratford Express. - no. 1734-4361 (6 Oct. 1894-9 Feb. 1945)
=NID  \\$aNID0002922
=SRC  \\$aNPLv17$bbibmp35.20070831.aa
=TCO  \\$aZZZ$c008
=LAS  \\$aRESET-LEV$b50$c20231002$lBLL01$h0437

