=LDR  03235cas a2200769u  4500
=001  013891588
=003  Uk
=005  20220301150957.0
=008  950421d18701871|||dr|n|||\\\\0\\\||eng\\
=FMT  \\$a  SE
=019  n\$aNLC0000891
=040  \\$aUk$cUk
=082  04$a072.615$222
=245  04$aThe Eastern Counties Daily Press.
=336  \\$atext$2rdacontent
=337  \\$aunmediated$2rdamedia
=338  \\$avolume$2rdacarrier
=651  \0$aNorfolk (England)$vNewspapers.
=651  \0$aNorwich (England)$vNewspapers.
=752  \\$aEngland$bNorfolk$dNorwich.$2blnpn
=785  00$tEastern Daily Press$gno.176- (3 May 1871-)$w013891589
=866  \0$aNewspapers :no.1-175 (10 Oct. 1870-2 May 1871)
=883  0\$aLanguage codes assigned by Bayesian analysis of words present in record$d20200826$qUk$c0.9919
=856  42$31870-1871$uhttp://www.britishnewspaperarchive.co.uk/search/results?TitleId=BL/0001983$yBritish Newspaper Archive
=852  41$31871-1978$aBritish Library$bNPL$jNEWS91
=852  41$31883$aBritish Library$bNPL$cEW$j1586 [1883]
=852  \\$aBritish Library$bNPL$cEW
=852  \\$32010-$aBritish Library$bNPL$jNEWS.REG13
=852  41$31870-1871$aBritish Library$bNPL$jNEWS1495
=852  41$31870$aBritish Library$bHMNTS$zMicroform.$jMFM.M79744 [1870]
=852  41$31871$aBritish Library$bHMNTS$zMicroform.$jMFM.M79745 [1871]
=985  \\$aDisaggregated Record: NPL
=985  \\$aUpgraded by BSS-generated file for WR2009-0365
=CAT  \\$aBATCH-NPL$b00$c20070912$lBLL01$h1126
=CAT  \\$aBATCH-856$b50$c20220207$lBLL01$h0756
=CAT  \\$aBATCH-UPD$b50$c20220207$lBLL01$h0803
=CAT  \\$aBATCH-856$b50$c20220214$lBLL01$h0937
=CAT  \\$aBATCH-UPD$b50$c20220214$lBLL01$h0946
=CAT  \\$aBATCH-856$b50$c20220301$lBLL01$h1509
=CAT  \\$aBATCH-UPD$b50$c20220301$lBLL01$h1516
=CAT  \\$aRESET-LEV$b50$c20220302$lBLL01$h0052
=CAT  \\$aRESET-LEV$b50$c20220402$lBLL01$h1724
=CAT  \\$aRESET-LEV$b50$c20220502$lBLL01$h0239
=CAT  \\$aRESET-LEV$b50$c20220602$lBLL01$h2123
=CAT  \\$aRESET-LEV$b50$c20220702$lBLL01$h1726
=CAT  \\$aRESET-LEV$b50$c20220802$lBLL01$h0350
=CAT  \\$aRESET-LEV$b50$c20220902$lBLL01$h2218
=CAT  \\$aRESET-LEV$b50$c20221003$lBLL01$h0411
=CAT  \\$aRESET-LEV$b50$c20221102$lBLL01$h0230
=CAT  \\$aRESET-LEV$b50$c20221202$lBLL01$h2221
=CAT  \\$aRESET-LEV$b50$c20230102$lBLL01$h0256
=CAT  \\$aRESET-LEV$b50$c20230202$lBLL01$h2123
=CAT  \\$aRESET-LEV$b50$c20230302$lBLL01$h2131
=CAT  \\$aRESET-LEV$b50$c20230403$lBLL01$h0238
=CAT  \\$aRESET-LEV$b50$c20230502$lBLL01$h0321
=CAT  \\$aRESET-LEV$b50$c20230602$lBLL01$h2222
=CAT  \\$aRESET-LEV$b50$c20230703$lBLL01$h0504
=CAT  \\$aRESET-LEV$b50$c20230802$lBLL01$h0205
=CAT  \\$aRESET-LEV$b50$c20230902$lBLL01$h1733
=CAT  \\$aRESET-LEV$b50$c20231002$lBLL01$h0437
=FIN  \\$aY
=LEO  \\$aMP35.0000100868
=LKR  \\$aPAR$lBLL01$r78500$nEastern Daily Press - no.176- (3 May 1871-)$b013891589$mThe Eastern Counties Daily Press. - no.1-175 (10 Oct. 1870-2 May 1871)
=NID  \\$aNID0002995
=SRC  \\$aNPLv17$bbibmp35.20070831.aa
=TCO  \\$aZZZ$c008
=LAS  \\$aRESET-LEV$b50$c20231002$lBLL01$h0437

