=LDR  06363cas a2201273u  4500
=001  013891832
=003  Uk
=005  20220301150957.0
=008  950421d19001958|||dr|n|||\\\\0\\\|||||\\
=FMT  \\$a  SE
=019  n\$aNLC0000997
=040  \\$aUk$cUk
=082  04$a072.338$222
=245  04$aThe Bournemouth Daily Echo.
=336  \\$atext$2rdacontent
=337  \\$aunmediated$2rdamedia
=338  \\$avolume$2rdacarrier
=500  \\$aMicrofilm only: 1911.
=651  \0$aBournemouth (England)$vNewspapers.
=651  \0$aDorset (England)$vNewspapers.
=752  \\$aEngland$bDorset$dBournemouth.$2blnpn
=785  00$tEvening Echo$gno. 15132-27459 (1 July 1958-4 April 1997)$w013891833
=866  \0$aNewspapers :no. 1-15131 (20 Aug. 1900-30 June 1958)
=856  42$31900-1905, 1909-1910$uhttp://www.britishnewspaperarchive.co.uk/search/results?TitleId=BL/0000638$yBritish Newspaper Archive
=852  41$31900-1958$aBritish Library$bNPL$jNEWS1616
=852  \\$aBritish Library$bNPL$cEW
=852  41$31910$aBritish Library$bHMNTS$zJul - Dec$zMicroform.$jMFM.M946 [1910]
=852  41$31937$aBritish Library$bHMNTS$zMicroform.$jMFM.M83620-25
=852  41$31901$aBritish Library$bHMNTS$zMicroform.$jMFM.M83504-06
=852  41$31902$aBritish Library$bHMNTS$zMicroform.$jMFM.M83507-09
=852  41$31903$aBritish Library$bHMNTS$zMicroform.$jMFM.M83510-12
=852  41$31904$aBritish Library$bHMNTS$zMicroform.$jMFM.M83513-15
=852  41$31905$aBritish Library$bHMNTS$zMicroform.$jMFM.M83516-18
=852  41$31909$aBritish Library$bHMNTS$zMicroform.$jMFM.M83519-20
=852  41$31912$aBritish Library$bHMNTS$zMicroform.$jMFM.M83522-23
=852  41$31913$aBritish Library$bHMNTS$zMicroform.$jMFM.M83524-25
=852  41$31914$aBritish Library$bHMNTS$zMicroform.$jMFM.M83526-27
=852  41$31915$aBritish Library$bHMNTS$zMicroform.$jMFM.M83528-29
=852  41$31916$aBritish Library$bHMNTS$zMicroform.$jMFM.M83530-31
=852  41$31917$aBritish Library$bHMNTS$zMicroform.$jMFM.M83532-33
=852  41$31918$aBritish Library$bHMNTS$zMicroform.$jMFM.M83534-35
=852  41$31919$aBritish Library$bHMNTS$zMicroform.$jMFM.M83536-37
=852  41$31920$aBritish Library$bHMNTS$zMicroform.$jMFM.M83538-40
=852  41$31921$aBritish Library$bHMNTS$zMicroform.$jMFM.M83541-43
=852  41$31922$aBritish Library$bHMNTS$zMicroform.$jMFM.M83542-44
=852  41$31923$aBritish Library$bHMNTS$zMicroform.$jMFM.M83545-48
=852  41$31924$aBritish Library$bHMNTS$zMicroform.$jMFM.M83549-52
=852  41$31925$aBritish Library$bHMNTS$zMicroform.$jMFM.M83553-57
=852  41$31926$aBritish Library$bHMNTS$zMicroform.$jMFM.M83558-61
=852  41$31927$aBritish Library$bHMNTS$zMicroform.$jMFM.M83562-65
=852  41$31928$aBritish Library$bHMNTS$zMicroform.$jMFM.M83566-71
=852  41$31929$aBritish Library$bHMNTS$zMicroform.$jMFM.M83572-77
=852  41$31930$aBritish Library$bHMNTS$zMicroform.$jMFM.M83578-83
=852  41$31931$aBritish Library$bHMNTS$zMicroform.$jMFM.M83584-89
=852  41$31932$aBritish Library$bHMNTS$zMicroform.$jMFM.M83590-95
=852  41$31933$aBritish Library$bHMNTS$zMicroform.$jMFM.M83596-601
=852  41$31934$aBritish Library$bHMNTS$zMicroform.$jMFM.M83602-07
=852  41$31935$aBritish Library$bHMNTS$zMicroform.$jMFM.M83608-13
=852  41$31936$aBritish Library$bHMNTS$zMicroform.$jMFM.M83614-19
=852  41$31938$aBritish Library$bHMNTS$zMicroform.$jMFM.M83626-31
=852  41$31939$aBritish Library$bHMNTS$zMicroform.$jMFM.M83632-37
=852  41$31940$aBritish Library$bHMNTS$zMicroform.$jMFM.M83638-41
=852  41$31941$aBritish Library$bHMNTS$zMicroform.$jMFM.M83642-44
=852  41$31942$aBritish Library$bHMNTS$zMicroform.$jMFM.M83645-47
=852  41$31943$aBritish Library$bHMNTS$zMicroform.$jMFM.M83648-50
=852  41$31944$aBritish Library$bHMNTS$zMicroform.$jMFM.M83651-53
=852  41$31945$aBritish Library$bHMNTS$zMicroform.$jMFM.M83654-56
=852  41$31946$aBritish Library$bHMNTS$zMicroform.$jMFM.M83657-59
=852  41$31947$aBritish Library$bHMNTS$zMicroform.$jMFM.M83660-62
=852  41$31948$aBritish Library$bHMNTS$zMicroform.$jMFM.M83663-65
=852  41$31949$aBritish Library$bHMNTS$zMicroform.$jMFM.M83666-68
=852  41$31900$aBritish Library$bHMNTS$z20 Aug-31 Dec 1900$zMicroform.$jMFM.M83503 [1900]
=852  41$31910$aBritish Library$bHMNTS$z4 Jan-30 Jun 1910$zMicroform.$jMFM.M83521 [1910]
=852  41$31911$aBritish Library$bHMNTS$zMicroform.$jMFM.M25050 [1911]
=852  41$31911$aBritish Library$bHMNTS$zMicroform.$jMFM.M25049 [1911]
=985  \\$aDisaggregated Record: NPL
=CAT  \\$aBATCH-NPL$b00$c20070912$lBLL01$h1127
=CAT  \\$aBATCH-UPD$b50$c20211101$lBLL01$h1359
=CAT  \\$aBATCH-856$b50$c20211108$lBLL01$h1044
=CAT  \\$aBATCH-UPD$b50$c20211108$lBLL01$h1048
=CAT  \\$aBATCH-856$b50$c20211115$lBLL01$h0939
=CAT  \\$aBATCH-UPD$b50$c20211115$lBLL01$h0944
=CAT  \\$aBATCH-856$b50$c20211122$lBLL01$h1253
=CAT  \\$aBATCH-UPD$b50$c20211122$lBLL01$h1258
=CAT  \\$aBATCH-856$b50$c20211220$lBLL01$h1031
=CAT  \\$aBATCH-UPD$b50$c20211220$lBLL01$h1038
=CAT  \\$aBATCH-856$b50$c20211228$lBLL01$h1449
=CAT  \\$aBATCH-UPD$b50$c20211228$lBLL01$h1502
=CAT  \\$aBATCH-856$b50$c20220104$lBLL01$h0957
=CAT  \\$aBATCH-UPD$b50$c20220104$lBLL01$h1004
=CAT  \\$aBATCH-856$b50$c20220110$lBLL01$h1300
=CAT  \\$aBATCH-UPD$b50$c20220110$lBLL01$h1316
=CAT  \\$aBATCH-856$b50$c20220117$lBLL01$h1433
=CAT  \\$aBATCH-UPD$b50$c20220117$lBLL01$h1445
=CAT  \\$aBATCH-856$b50$c20220131$lBLL01$h1009
=CAT  \\$aBATCH-UPD$b50$c20220131$lBLL01$h1015
=CAT  \\$aBATCH-856$b50$c20220207$lBLL01$h0756
=CAT  \\$aBATCH-UPD$b50$c20220207$lBLL01$h0803
=CAT  \\$aBATCH-856$b50$c20220214$lBLL01$h0937
=CAT  \\$aBATCH-UPD$b50$c20220214$lBLL01$h0946
=CAT  \\$aBATCH-856$b50$c20220301$lBLL01$h1509
=CAT  \\$aBATCH-UPD$b50$c20220301$lBLL01$h1517
=FIN  \\$aY
=LEO  \\$aMP35.0000100974
=LKR  \\$aPAR$lBLL01$r78500$nEvening Echo - no. 15132-27459 (1 July 1958-4 April 1997)$b013891833$mThe Bournemouth Daily Echo. - no. 1-15131 (20 Aug. 1900-30 June 1958)
=NID  \\$aNID0003203
=SRC  \\$aNPLv17$bbibmp35.20070831.aa
=TCO  \\$aZZZ$c008
=LAS  \\$aBATCH-UPD$b50$c20220301$lBLL01$h1517

