=LDR  11176cas a2202329u  4500
=001  013892263
=003  Uk
=005  20220301150958.0
=008  950421d18911956nikwr|n|||\\\\0\\\||eng\\
=FMT  \\$a  SE
=019  n\$aNLC0001197
=040  \\$aUk$cUk
=082  04$a072.91664$222
=245  04$aThe Portadown News.
=336  \\$atext$2rdacontent
=337  \\$aunmediated$2rdamedia
=338  \\$avolume$2rdacarrier
=651  \0$aArmagh (Northern Ireland : County)$vNewspapers.
=651  \0$aPortadown (Northern Ireland)$vNewspapers.
=752  \\$aIreland$bCo. Armagh$dPortadown.$2blnpn
=780  00$tPortadown & Lurgan News, and Tenant Farmers' Gazette$g25 Feb. 1888-27 Dec. 1890$w013892262
=785  00$tPortadown News and County Armagh Advertiser$g19 Oct. 1956-30 Sept. 1977$w013892264
=866  \0$aNewspapers :3 Jan. 1891-28 Dec. 1925; 1 Jan.-31 Dec. 1927; 5 Jan. 1929-12 Oct. 1956.
=883  0\$aLanguage codes assigned by Bayesian analysis of words present in record$d20200826$qUk$c0.9919
=856  42$31904-1925, 1927-1956$uhttp://www.britishnewspaperarchive.co.uk/search/results?TitleId=BL/0002541$yBritish Newspaper Archive
=852  41$31912$aBritish Library$bHMNTS$zJul-Dec$zMicroform
=852  41$31894$aBritish Library$bNPL$cIRL$j112 [1894]
=852  41$31895$aBritish Library$bNPL$cIRL$j8 [1895]
=852  41$31896$aBritish Library$bNPL$cIRL$j21 [1896]
=852  41$31854$aBritish Library$bNPL$cIRL$j33 [1854]
=852  41$31855$aBritish Library$bNPL$cIRL$j29 [1855]
=852  41$31856$aBritish Library$bNPL$cIRL$j9 [1856]
=852  41$31857$aBritish Library$bNPL$cIRL$j45 [1857]
=852  41$31858$aBritish Library$bNPL$cIRL$j38 [1858]
=852  41$31859$aBritish Library$bNPL$cIRL$j27 [1859]
=852  41$31860$aBritish Library$bNPL$cIRL$j45 [1860]
=852  41$31862$aBritish Library$bNPL$cIRL$j7 [1862]
=852  41$31863$aBritish Library$bNPL$cIRL$j23 [1863]
=852  41$31864$aBritish Library$bNPL$cIRL$j51A [1864]
=852  41$31865$aBritish Library$bNPL$cIRL$j57 [1865]
=852  41$31866$aBritish Library$bNPL$cIRL$j62 [1866]
=852  41$31867$aBritish Library$bNPL$cIRL$j41 [1867]
=852  41$31868$aBritish Library$bNPL$cIRL$j61 [1868]
=852  41$31869$aBritish Library$bNPL$cIRL$j37 [1869]
=852  41$31870$aBritish Library$bNPL$cIRL$j48 [1870]
=852  41$31871$aBritish Library$bNPL$cIRL$j45 [1871]
=852  41$31872$aBritish Library$bNPL$cIRL$j48 [1872]
=852  41$31873$aBritish Library$bNPL$cIRL$j47 [1873]
=852  41$31874$aBritish Library$bNPL$cIRL$j19 [1874]
=852  41$31875$aBritish Library$bNPL$cIRL$j27 [1875]
=852  41$31876$aBritish Library$bNPL$cIRL$j39 [1876]
=852  41$31877$aBritish Library$bNPL$cIRL$j54 [1877]
=852  41$31878$aBritish Library$bNPL$cIRL$j45 [1878]
=852  41$31879$aBritish Library$bNPL$cIRL$j28 [1879]
=852  41$31880$aBritish Library$bNPL$cIRL$j50 [1880]
=852  41$31881$aBritish Library$bNPL$cIRL$j67 [1881]
=852  41$31882$aBritish Library$bNPL$cIRL$j38A [1882]
=852  41$31883$aBritish Library$bNPL$cIRL$j57 [1883]
=852  41$31884$aBritish Library$bNPL$cIRL$j60 [1884]
=852  41$31886$aBritish Library$bNPL$cIRL$j20 [1886]
=852  41$31888$aBritish Library$bNPL$cIRL$j61 [1888]
=852  41$31887$aBritish Library$bNPL$cIRL$j16 [1887]
=852  41$31889$aBritish Library$bNPL$cIRL$j44 [1889]
=852  41$31890$aBritish Library$bNPL$cIRL$j42 [1890]
=852  41$31891$aBritish Library$bNPL$cIRL$j37 [1891]
=852  41$31892$aBritish Library$bNPL$cIRL$j10 [1892]
=852  41$31893$aBritish Library$bNPL$cIRL$j15 [1893]
=852  41$31894$aBritish Library$bNPL$cIRL$j81 [1894]
=852  41$31895$aBritish Library$bNPL$cIRL$j18 [1895]
=852  41$31896$aBritish Library$bNPL$cIRL$j92 [1896]
=852  41$31907$aBritish Library$bNPL$cIRL$j914 [1907]
=852  41$31851$aBritish Library$bNPL$cIRL$j29 [1851]
=852  41$31853$aBritish Library$bNPL$cIRL$j37 [1853]
=852  41$31854$aBritish Library$bNPL$cIRL$j17 [1854]
=852  41$31885$aBritish Library$bNPL$cIRL$j39 [1885]
=852  41$31887$aBritish Library$bNPL$cIRL$j57 [1887]
=852  41$31892$aBritish Library$bNPL$cIRL$j5 [1892]
=852  41$31895$aBritish Library$bNPL$cIRL$j26 [1895]
=852  41$31893$aBritish Library$bNPL$cIRL$j19 [1893]
=852  41$31894$aBritish Library$bNPL$cIRL$j68 [1894]
=852  41$31859$aBritish Library$bNPL$cIRL$j70 [1859]
=852  41$31869$aBritish Library$bNPL$cIRL$j41 [1869]
=852  41$31866$aBritish Library$bNPL$cIRL$j54 [1866]
=852  41$31872$aBritish Library$bNPL$cIRL$j66 [1872]
=852  41$31873$aBritish Library$bNPL$cIRL$j8 [1873]
=852  41$31879$aBritish Library$bNPL$cIRL$j69 [1879]
=852  41$31852$aBritish Library$bNPL$cIRL$j23 [1852]
=852  41$31856$aBritish Library$bNPL$cIRL$j2 [1856]
=852  41$31860$aBritish Library$bNPL$cIRL$j36 [1860]
=852  41$31863$aBritish Library$bNPL$cIRL$j34 [1863]
=852  41$31870$aBritish Library$bNPL$cIRL$j55 [1870]
=852  41$31871$aBritish Library$bNPL$cIRL$j41A [1871]
=852  41$31874$aBritish Library$bNPL$cIRL$j45 [1874]
=852  41$31882$aBritish Library$bNPL$cIRL$j69 [1882]
=852  41$31877$aBritish Library$bNPL$cIRL$j63 [1877]
=852  41$31878$aBritish Library$bNPL$cIRL$j8 [1878]
=852  41$31883$aBritish Library$bNPL$cIRL$j61 [1883]
=852  41$31884$aBritish Library$bNPL$cIRL$j23 [1884]
=852  41$31880$aBritish Library$bNPL$cIRL$j56 [1880]
=852  41$31888$aBritish Library$bNPL$cIRL$j82 [1888]
=852  41$31889$aBritish Library$bNPL$cIRL$j50 [1889]
=852  41$31890$aBritish Library$bNPL$cIRL$j18 [1890]
=852  41$31891$aBritish Library$bNPL$cIRL$j84 [1891]
=852  41$31896$aBritish Library$bNPL$cIRL$j98 [1896]
=852  41$31868$aBritish Library$bNPL$cIRL$j64 [1868]
=852  41$31855$aBritish Library$bNPL$cIRL$j61 [1855]
=852  41$31857$aBritish Library$bNPL$cIRL$j5 [1857]
=852  41$31858$aBritish Library$bNPL$cIRL$j21 [1858]
=852  41$31861$aBritish Library$bNPL$cIRL$j64 [1861]
=852  41$31862$aBritish Library$bNPL$cIRL$j8 [1862]
=852  41$31864$aBritish Library$bNPL$cIRL$j51A [1864]
=852  41$31865$aBritish Library$bNPL$cIRL$j57 [1865]
=852  41$31867$aBritish Library$bNPL$cIRL$j30 [1867]
=852  41$31875$aBritish Library$bNPL$cIRL$j37A [1875]
=852  41$31876$aBritish Library$bNPL$cIRL$j25 [1876]
=852  41$31851$aBritish Library$bNPL$cIRL$j29 [1851]
=852  41$31853$aBritish Library$bNPL$cIRL$j37 [1853]
=852  41$31854$aBritish Library$bNPL$cIRL$j17 [1854]
=852  41$31885$aBritish Library$bNPL$cIRL$j39 [1885]
=852  41$31887$aBritish Library$bNPL$cIRL$j57 [1887]
=852  41$31892$aBritish Library$bNPL$cIRL$j5 [1892]
=852  41$31895$aBritish Library$bNPL$cIRL$j26 [1895]
=852  41$31893$aBritish Library$bNPL$cIRL$j19 [1893]
=852  41$31894$aBritish Library$bNPL$cIRL$j68 [1894]
=852  41$31859$aBritish Library$bNPL$cIRL$j70 [1859]
=852  41$31869$aBritish Library$bNPL$cIRL$j41 [1869]
=852  41$31866$aBritish Library$bNPL$cIRL$j54 [1866]
=852  41$31872$aBritish Library$bNPL$cIRL$j66 [1872]
=852  41$31873$aBritish Library$bNPL$cIRL$j8 [1873]
=852  41$31879$aBritish Library$bNPL$cIRL$j69 [1879]
=852  41$31852$aBritish Library$bNPL$cIRL$j23 [1852]
=852  41$31856$aBritish Library$bNPL$cIRL$j2 [1856]
=852  41$31860$aBritish Library$bNPL$cIRL$j36 [1860]
=852  41$31863$aBritish Library$bNPL$cIRL$j34 [1863]
=852  41$31870$aBritish Library$bNPL$cIRL$j55 [1870]
=852  41$31871$aBritish Library$bNPL$cIRL$j41A [1871]
=852  41$31874$aBritish Library$bNPL$cIRL$j45 [1874]
=852  41$31882$aBritish Library$bNPL$cIRL$j69 [1882]
=852  41$31877$aBritish Library$bNPL$cIRL$j63 [1877]
=852  41$31878$aBritish Library$bNPL$cIRL$j8 [1878]
=852  41$31883$aBritish Library$bNPL$cIRL$j61 [1883]
=852  41$31884$aBritish Library$bNPL$cIRL$j23 [1884]
=852  41$31880$aBritish Library$bNPL$cIRL$j56 [1880]
=852  41$31888$aBritish Library$bNPL$cIRL$j82 [1888]
=852  41$31889$aBritish Library$bNPL$cIRL$j50 [1889]
=852  41$31890$aBritish Library$bNPL$cIRL$j18 [1890]
=852  41$31891$aBritish Library$bNPL$cIRL$j84 [1891]
=852  41$31896$aBritish Library$bNPL$cIRL$j98 [1896]
=852  41$31868$aBritish Library$bNPL$cIRL$j64 [1868]
=852  41$31855$aBritish Library$bNPL$cIRL$j61 [1855]
=852  41$31857$aBritish Library$bNPL$cIRL$j5 [1857]
=852  41$31858$aBritish Library$bNPL$cIRL$j21 [1858]
=852  41$31861$aBritish Library$bNPL$cIRL$j64 [1861]
=852  41$31862$aBritish Library$bNPL$cIRL$j8 [1862]
=852  41$31864$aBritish Library$bNPL$cIRL$j51A [1864]
=852  41$31865$aBritish Library$bNPL$cIRL$j57 [1865]
=852  41$31867$aBritish Library$bNPL$cIRL$j30 [1867]
=852  41$31875$aBritish Library$bNPL$cIRL$j37A [1875]
=852  41$31876$aBritish Library$bNPL$cIRL$j25 [1876]
=852  41$aBritish Library$bNPL$jNEWS shelfmarks - see explore.bl.uk for full holdings
=852  41$aBritish Library$bHMNTS$zMicroform.$jMFM shelfmarks - see explore.bl.uk for full holdings
=985  \\$aDisaggregated Record: NPL
=985  \\$aUpgraded by BSS-generated file for WR2009-0365
=CAT  \\$aBATCH-NPL$b00$c20070912$lBLL01$h1127
=CAT  \\$aBATCH-856$b50$c20220207$lBLL01$h0756
=CAT  \\$aBATCH-UPD$b50$c20220207$lBLL01$h0804
=CAT  \\$aBATCH-856$b50$c20220214$lBLL01$h0937
=CAT  \\$aBATCH-UPD$b50$c20220214$lBLL01$h0947
=CAT  \\$aBATCH-856$b50$c20220301$lBLL01$h1509
=CAT  \\$aBATCH-UPD$b50$c20220301$lBLL01$h1517
=CAT  \\$aRESET-LEV$b50$c20220302$lBLL01$h0053
=CAT  \\$aRESET-LEV$b50$c20220402$lBLL01$h1724
=CAT  \\$aRESET-LEV$b50$c20220502$lBLL01$h0239
=CAT  \\$aRESET-LEV$b50$c20220602$lBLL01$h2123
=CAT  \\$aRESET-LEV$b50$c20220702$lBLL01$h1726
=CAT  \\$aRESET-LEV$b50$c20220802$lBLL01$h0350
=CAT  \\$aRESET-LEV$b50$c20220902$lBLL01$h2218
=CAT  \\$aRESET-LEV$b50$c20221003$lBLL01$h0411
=CAT  \\$aRESET-LEV$b50$c20221102$lBLL01$h0230
=CAT  \\$aRESET-LEV$b50$c20221202$lBLL01$h2222
=CAT  \\$aRESET-LEV$b50$c20230102$lBLL01$h0256
=CAT  \\$aRESET-LEV$b50$c20230202$lBLL01$h2124
=CAT  \\$aRESET-LEV$b50$c20230302$lBLL01$h2132
=CAT  \\$aRESET-LEV$b50$c20230403$lBLL01$h0238
=CAT  \\$aRESET-LEV$b50$c20230502$lBLL01$h0321
=CAT  \\$aRESET-LEV$b50$c20230602$lBLL01$h2223
=CAT  \\$aRESET-LEV$b50$c20230703$lBLL01$h0504
=CAT  \\$aRESET-LEV$b50$c20230802$lBLL01$h0206
=CAT  \\$aRESET-LEV$b50$c20230902$lBLL01$h1733
=CAT  \\$aRESET-LEV$b50$c20231002$lBLL01$h0437
=FIN  \\$aY
=LEO  \\$aMP35.0000101170.4
=LKR  \\$aPAR$lBLL01$r78500$nPortadown News and County Armagh Advertiser -19 Oct. 1956-30 Sept. 1977$b013892264$mThe Portadown News. - 3 Jan. 1891-28 Dec. 1925; 1 Jan.-31 Dec. 1927; 5 Jan. 1929-12 Oct. 1956.
=NID  \\$aNID0003555
=SRC  \\$aNPLv17$bbibmp35.20070831.aa
=TCO  \\$aZZZ$c008
=LAS  \\$aRESET-LEV$b50$c20231002$lBLL01$h0437

