=LDR  03129cas a2200721u  4500
=001  013892426
=003  Uk
=005  20220301150958.0
=008  950421d18761952||||||n|||\\\\0\\\||eng\\
=FMT  \\$a  SE
=019  n\$aNLC0001266
=040  \\$aUk$cUk
=082  04$a072.172$222
=130  0\$aWalthamstow and Leyton Guardian.
=245  10$aWalthamstow and Leyton Guardian.
=336  \\$atext$2rdacontent
=337  \\$aunmediated$2rdamedia
=338  \\$avolume$2rdacarrier
=651  \0$aWaltham Forest (London, England)$vNewspapers.
=752  \\$aEngland$dLondon$fWaltham Forest.$2blnpn
=785  00$tGuardian.$bWalthamstow ed.$gno. 4276-4699 (22 Feb. 1952-1 April 1960)$w013892427
=866  \0$aNewspapers :no. 1-4275 (6 May 1876-15 Feb. 1952)
=883  0\$aLanguage codes assigned by Bayesian analysis of words present in record$d20201028$qUk$c0.9010
=856  42$31876-1914$uhttp://www.britishnewspaperarchive.co.uk/search/results?TitleId=BL/0004053$yBritish Newspaper Archive
=852  \\$aBritish Library$bNPL$cEW
=852  41$aBritish Library$bNPL$jNEWS shelfmarks - see explore.bl.uk for full holdings
=852  41$aBritish Library$bHMNTS$zMicroform.$jMFM shelfmarks - see explore.bl.uk for full holdings
=985  \\$aDisaggregated Record: NPL
=985  \\$aUpgraded by BSS-generated file for WR2011-1472
=CAT  \\$aBATCH-NPL$b00$c20070912$lBLL01$h1127
=CAT  \\$aRESET-LEV$b50$c20220202$lBLL01$h0137
=CAT  \\$aBATCH-VIT$b50$c20220214$lBLL01$h0933
=CAT  \\$aBATCH-856$b50$c20220214$lBLL01$h0937
=CAT  \\$aBATCH-UPD$b50$c20220214$lBLL01$h0947
=CAT  \\$aBATCH-856$b50$c20220301$lBLL01$h1509
=CAT  \\$aBATCH-UPD$b50$c20220301$lBLL01$h1517
=CAT  \\$aRESET-LEV$b50$c20220302$lBLL01$h0053
=CAT  \\$aRESET-LEV$b50$c20220402$lBLL01$h1724
=CAT  \\$aRESET-LEV$b50$c20220502$lBLL01$h0239
=CAT  \\$aRESET-LEV$b50$c20220602$lBLL01$h2123
=CAT  \\$aRESET-LEV$b50$c20220702$lBLL01$h1726
=CAT  \\$aRESET-LEV$b50$c20220802$lBLL01$h0351
=CAT  \\$aRESET-LEV$b50$c20220902$lBLL01$h2218
=CAT  \\$aRESET-LEV$b50$c20221003$lBLL01$h0411
=CAT  \\$aRESET-LEV$b50$c20221102$lBLL01$h0230
=CAT  \\$aRESET-LEV$b50$c20221202$lBLL01$h2222
=CAT  \\$aRESET-LEV$b50$c20230102$lBLL01$h0257
=CAT  \\$aRESET-LEV$b50$c20230202$lBLL01$h2124
=CAT  \\$aRESET-LEV$b50$c20230302$lBLL01$h2132
=CAT  \\$aRESET-LEV$b50$c20230403$lBLL01$h0238
=CAT  \\$aRESET-LEV$b50$c20230502$lBLL01$h0321
=CAT  \\$aRESET-LEV$b50$c20230602$lBLL01$h2223
=CAT  \\$aRESET-LEV$b50$c20230703$lBLL01$h0504
=CAT  \\$aRESET-LEV$b50$c20230802$lBLL01$h0206
=CAT  \\$aRESET-LEV$b50$c20230902$lBLL01$h1734
=CAT  \\$aRESET-LEV$b50$c20231002$lBLL01$h0437
=FIN  \\$aY
=LEO  \\$aMP35.0000101239
=LKR  \\$aPAR$lBLL01$r78500$nGuardian. -Walthamstow ed. - no. 4276-4699 (22 Feb. 1952-1 April 1960)$b013892427$mWalthamstow and Leyton Guardian. - no. 1-4275 (6 May 1876-15 Feb. 1952)
=NID  \\$aNID0003690
=SRC  \\$aNPLv17$bbibmp35.20070831.aa
=TCO  \\$aZZZ$c008
=LAS  \\$aRESET-LEV$b50$c20231002$lBLL01$h0437

