=LDR  07330cas a2201381 i 4500
=001  013892771
=003  Uk
=005  20220301150959.0
=007  ta
=008  950421d18912013ie\dr\ne\\\\\\0\\\a0eng\\
=FMT  \\$a  SE
=019  n\$aNLC0001413
=022  \\$a0791-6892$y0791-6930
=040  \\$aUk$beng$cUk$dUk$erda
=042  \\$aukblsr
=082  04$a072.917$223
=130  0\$aEvening herald (Dublin, Ireland : 1891)
=222  \0$aEvening herald$b(Dublin. 1891)
=245  10$aEvening herald.
=246  1\$iSaturday editions have title:$aWeekend herald
=246  13$aHerald
=264  \1$a[Dublin] :$b[Independent Newspapers]$c[1891]-2013.
=300  \\$billustrations (colour) ;$c37 cm
=310  \\$aDaily (except Sun.)
=336  \\$atext$2rdacontent
=337  \\$aunmediated$2rdamedia
=338  \\$avolume$2rdacarrier
=362  1\$aBegan with vol. 1, no. 1 (19 Dec. 1891).
=362  0\$a-vol. 122, no. 58 (Saturday 9 March 2013).
=533  \\$aMicrofilm.$bLondon :$cBritish Library.$e35 mm$mJanuary 1986-18 June 1991; September 1991-December 2009.
=588  \\$aDescription based on final issue.
=540  \\$aBritish Library not licensed to copy$c0$5Uk
=651  \0$aIreland$vNewspapers.
=651  \0$aDublin (Ireland)$vNewspapers.
=752  \\$aIreland$bCo. Dublin$dDublin.$2blnpn
=785  00$tHerald (Dublin, Ireland)
=866  \\$aNewspapers :19 Dec. 1891-May 1925; Aug. 1925; Oct. 1925-9 Mar. 2013; This record has holdings for both print and microfilm versions. Print issues are not available for conservation reasons where an alternative format exists.
=856  42$31892-1902, 1907, 1925-1926, 1930, 1951, 1986-2009$uhttp://www.britishnewspaperarchive.co.uk/search/results?TitleId=BL/0001730$yBritish Newspaper Archive
=852  41$31897-1985$aBritish Library$bNPL$jNEWS2106
=852  \\$aBritish Library$bNPL$cIRL$3This record has holdings for both print and microfilm versions attached. Print copies are not made available where a microfilm alternative exists.
=852  41$31897$aBritish Library$bHMNTS$zMicroform.$jMFM.M82299-301
=852  41$31899$aBritish Library$bHMNTS$zMicroform.$jMFM.M82303-5
=852  41$31900$aBritish Library$bHMNTS$zJul - Dec$zMicroform.$jMFM.M82306-7
=852  41$32010-9th Mar. (2013)$aBritish Library$bNPL$jNEWS.REG73
=852  41$31901$aBritish Library$bHMNTS$zMicroform.$jMFM.M82308-10
=852  41$31902$aBritish Library$bHMNTS$zMicroform.$jMFM.M82311-13
=852  41$31903$aBritish Library$bHMNTS$zMicroform.$jMFM.M82314-16
=852  41$31904$aBritish Library$bHMNTS$zMicroform.$jMFM.M82317-19
=852  41$31905$aBritish Library$bHMNTS$zMicroform.$jMFM.M82320-22
=852  41$31906$aBritish Library$bHMNTS$zMicroform.$jMFM.M82323-25
=852  41$31907$aBritish Library$bHMNTS$zMicroform.$jMFM.M82326-29
=852  41$31891$aBritish Library$bHMNTS$zMicroform.$jMFM.M29675 [1891]
=852  41$31892$aBritish Library$bHMNTS$zMicroform.$jMFM.M13205 [1892]
=852  41$31892$aBritish Library$bHMNTS$zMicroform.$jMFM.M13204-5
=852  41$31893$aBritish Library$bHMNTS$zMicroform.$jMFM.M13206-7
=852  41$31894$aBritish Library$bHMNTS$zMicroform.$jMFM.M13208-9
=852  41$31895$aBritish Library$bHMNTS$zMicroform.$jMFM.M13210-1
=852  41$31896$aBritish Library$bHMNTS$zMicroform.$jMFM.M13212-3
=852  41$31986-2009$aBritish Library$bHMNTS$z-18 Jun 1991; Sep 1991 - Dec 2009$zMicroform.$jMFM.SP916
=852  41$31898$aBritish Library$bHMNTS$zJul - Dec$zMicroform.$jMFM.M82302 [1898]
=852  41$31893$aBritish Library$bHMNTS$zMicroform.$jMFM.M13207 [1893]
=852  41$31894$aBritish Library$bHMNTS$zMicroform.$jMFM.M13209 [1894]
=852  41$31895$aBritish Library$bHMNTS$zMicroform.$jMFM.M13211 [1895]
=852  41$31896$aBritish Library$bHMNTS$zMicroform.$jMFM.M13213 [1896]
=852  41$31898$aBritish Library$bHMNTS$zJan - Jun$zMicroform.$jMFM.M5614 [1898]
=852  41$31900$aBritish Library$bHMNTS$zMar - Jun$zMicroform.$jMFM.M5615 [1900]
=852  41$31925$aBritish Library$bHMNTS$zJan - Apr$zMicroform.$jMFM.M587 [1925]
=852  41$31925$aBritish Library$bHMNTS$zMay, Aug$zMicroform.$jMFM.M3924 [1925]
=852  41$31925$aBritish Library$bHMNTS$zOct - Dec$zMicroform.$jMFM.M3457 [1925]
=852  41$31926$aBritish Library$bHMNTS$zJan - Apr$zMicroform.$jMFM.M3273 [1926]
=852  41$31926$aBritish Library$bHMNTS$zMay - Aug$zMicroform.$jMFM.M3074 [1926]
=852  41$31930$aBritish Library$bHMNTS$zJan - Mar$zMicroform.$jMFM.M218 [1930]
=985  \\$aRecord has many print and microfilm holdings. Separate records have not been created in this case, note added to holdings. Mbrook.
=CAT  \\$aBATCH-NPL$b00$c20070912$lBLL01$h1127
=CAT  \\$aBATCH-UPD$b50$c20211101$lBLL01$h1400
=CAT  \\$aBATCH-856$b50$c20211108$lBLL01$h1044
=CAT  \\$aBATCH-UPD$b50$c20211108$lBLL01$h1049
=CAT  \\$aBATCH-856$b50$c20211115$lBLL01$h0940
=CAT  \\$aBATCH-UPD$b50$c20211115$lBLL01$h0945
=CAT  \\$aBATCH-856$b50$c20211122$lBLL01$h1253
=CAT  \\$aBATCH-UPD$b50$c20211122$lBLL01$h1259
=CAT  \\$aBATCH-856$b50$c20211220$lBLL01$h1031
=CAT  \\$aBATCH-UPD$b50$c20211220$lBLL01$h1040
=CAT  \\$aBATCH-856$b50$c20211228$lBLL01$h1449
=CAT  \\$aBATCH-UPD$b50$c20211228$lBLL01$h1504
=CAT  \\$aBATCH-856$b50$c20220104$lBLL01$h0957
=CAT  \\$aBATCH-UPD$b50$c20220104$lBLL01$h1006
=CAT  \\$aBATCH-856$b50$c20220110$lBLL01$h1300
=CAT  \\$aBATCH-UPD$b50$c20220110$lBLL01$h1317
=CAT  \\$aBATCH-856$b50$c20220117$lBLL01$h1433
=CAT  \\$aBATCH-UPD$b50$c20220117$lBLL01$h1446
=CAT  \\$aBATCH-856$b50$c20220131$lBLL01$h1009
=CAT  \\$aBATCH-UPD$b50$c20220131$lBLL01$h1016
=CAT  \\$aBATCH-856$b50$c20220207$lBLL01$h0756
=CAT  \\$aBATCH-UPD$b50$c20220207$lBLL01$h0804
=CAT  \\$aBATCH-856$b50$c20220214$lBLL01$h0937
=CAT  \\$aBATCH-UPD$b50$c20220214$lBLL01$h0948
=CAT  \\$aBATCH-856$b50$c20220301$lBLL01$h1509
=CAT  \\$aBATCH-UPD$b50$c20220301$lBLL01$h1518
=CFI  0\$aBritish Library not licensed to copy$c0$e01-jan-2014$hC$iCFP Excluded$5Uk
=CFI  2\$aBritish Library not licensed to copy$c0$e01-oct-2012$hC$iCFP Excluded$5Uk
=FIN  \\$aY
=LEO  \\$aMP35.0000101385
=LET  \0$aEvening herald (Dublin)
=NID  \\$aNID0003978
=SRC  \\$aNPLv17$bbibmp35.20070831.aa
=TCO  \\$aCLA$bCLA$c008
=ACF  \\$aBritish Library not licensed to copy$c0$e01-apr-2012$hC$iCLA Excluded$5Uk
=ACF  \\$aBritish Library not licensed to copy$c0$e01-jan-2012$hC$iCLA Excluded$5Uk
=ACF  \\$aBritish Library not licensed to copy$c0$e01-oct-2011$hC$iCLA Excluded$5Uk
=ACF  \\$aBritish Library not licensed to copy$c0$e01-jul-2011$hC$iCLA Excluded$5Uk
=ACF  \\$aBritish Library not licensed to copy$c0$e01-apr-2011$hC$iCLA Excluded$5Uk
=ACF  \\$aBritish Library not licensed to copy$c0$e01-jan-2011$hC$iCLA Excluded$5Uk
=ACF  \\$aBritish Library not licensed to copy$c0$e01-oct-2010$hC$iCLA Excluded$5Uk
=ACF  \\$aBritish Library not licensed to copy$c0$e01-jul-2010$hC$iCLA Excluded$5Uk
=ACF  \\$aBritish Library not licensed to copy$c0$e01-apr-2010$hC$iCLA Excluded$5Uk
=ACF  \\$aBritish Library not licensed to copy$c0$e01-jul-2012$hC$iCLA Excluded$5Uk
=LAS  \\$aBATCH-UPD$b50$c20220301$lBLL01$h1518

