=LDR  03799cas a2200829u  4500
=001  013893114
=003  Uk
=005  20220301151000.0
=008  950421d18371902||||||n|||\\\\0\\\|||||\\
=FMT  \\$a  SE
=019  n\$aNLC0001565
=040  \\$aUk$cUk
=082  04$a072.257$222
=130  4\$aThe Sussex Agricultural Express, etc.
=245  14$aThe Sussex Agricultural Express, etc.
=246  1\$iIssues 5 November 1853 to 27 Oct. 1856 contain supplement:$aHastings and St Leonard's fashionable express
=336  \\$atext$2rdacontent
=337  \\$aunmediated$2rdamedia
=338  \\$avolume$2rdacarrier
=651  \0$aEast Sussex (England)$vNewspapers.
=651  \0$aLewes (England)$vNewspapers.
=752  \\$aEngland$bEast Sussex$dLewes.$2blnpn
=785  00$tSussex Express, etc.$bMain ed.$gno. 7288-9153 (3 Jan. 1903-30 Sept. 1938)$w013893115
=866  \0$aNewspapers :no. 1-7287 (4 Feb. 1837-30 Dec. 1902)
=856  42$31857, 1859, 1861, 1867, 1877, 1883, 1888-1902$uhttp://www.britishnewspaperarchive.co.uk/search/results?TitleId=BL/0000654$yBritish Newspaper Archive
=852  41$31888; Missing$aBritish Library$bNPL$cEW$j513 [1888]
=852  41$31888; Missing$aBritish Library$bNPL$cEW$j513 [1888]
=852  41$31888; Missing$aBritish Library$bNPL$cEW$j513 [1888]
=852  \\$aBritish Library$bNPL$cLON
=852  41$31893$aBritish Library$bNPL$cLON$jLD40$xBound with Sunday Times
=852  41$31888; Missing$aBritish Library$bNPL$cEW$j513 [1888]
=852  41$31888; Missing$aBritish Library$bNPL$cEW$j513 [1888]
=852  41$31897$aBritish Library$bNPL$cEW$j593 [1897]
=852  41$aBritish Library$bNPL$jNEWS shelfmarks - see explore.bl.uk for full holdings
=852  41$aBritish Library$bHMNTS$zMicroform.$jMFM shelfmarks - see explore.bl.uk for full holdings
=852  41$aBritish Library$bNPL$jPENN shelfmarks - see explore.bl.uk for full holdings
=852  41$31879$aBritish Library$bNPL$cEW$j246 [1879]
=985  \\$aDisaggregated Record: NPL
=CAT  \\$aBATCH-NPL$b00$c20070912$lBLL01$h1128
=CAT  \\$aBATCH-856$b50$c20220207$lBLL01$h0756
=CAT  \\$aBATCH-UPD$b50$c20220207$lBLL01$h0805
=CAT  \\$aBATCH-856$b50$c20220214$lBLL01$h0937
=CAT  \\$aBATCH-UPD$b50$c20220214$lBLL01$h0948
=CAT  \\$aBATCH-856$b50$c20220301$lBLL01$h1510
=CAT  \\$aBATCH-UPD$b50$c20220301$lBLL01$h1518
=CAT  \\$aRESET-LEV$b50$c20220302$lBLL01$h0053
=CAT  \\$aRESET-LEV$b50$c20220402$lBLL01$h1725
=CAT  \\$aRESET-LEV$b50$c20220502$lBLL01$h0239
=CAT  \\$aRESET-LEV$b50$c20220602$lBLL01$h2123
=CAT  \\$aRESET-LEV$b50$c20220702$lBLL01$h1726
=CAT  \\$aRESET-LEV$b50$c20220802$lBLL01$h0351
=CAT  \\$aRESET-LEV$b50$c20220902$lBLL01$h2219
=CAT  \\$aRESET-LEV$b50$c20221003$lBLL01$h0411
=CAT  \\$aRESET-LEV$b50$c20221102$lBLL01$h0231
=CAT  \\$aRESET-LEV$b50$c20221202$lBLL01$h2222
=CAT  \\$aRESET-LEV$b50$c20230102$lBLL01$h0257
=CAT  \\$aRESET-LEV$b50$c20230202$lBLL01$h2124
=CAT  \\$aRESET-LEV$b50$c20230302$lBLL01$h2132
=CAT  \\$aRESET-LEV$b50$c20230403$lBLL01$h0238
=CAT  \\$aRESET-LEV$b50$c20230502$lBLL01$h0322
=CAT  \\$aRESET-LEV$b50$c20230602$lBLL01$h2223
=CAT  \\$aRESET-LEV$b50$c20230703$lBLL01$h0504
=CAT  \\$aRESET-LEV$b50$c20230802$lBLL01$h0206
=CAT  \\$aRESET-LEV$b50$c20230902$lBLL01$h1734
=CAT  \\$aRESET-LEV$b50$c20231002$lBLL01$h0438
=FIN  \\$aY
=LEO  \\$aMP35.0000101535
=LKR  \\$aPAR$lBLL01$r78500$nSussex Express, etc. -Main ed. - no. 7288-9153 (3 Jan. 1903-30 Sept. 1938)$b013893115$mThe Sussex Agricultural Express, etc. - no. 1-7287 (4 Feb. 1837-30 Dec. 1902)
=NID  \\$aNID0004265
=SRC  \\$aNPLv17$bbibmp35.20070831.aa
=TCO  \\$aZZZ$c008
=LAS  \\$aRESET-LEV$b50$c20231002$lBLL01$h0438

