=LDR  05031cas a2201021u  4500
=001  013894156
=003  Uk
=005  20220301151001.0
=008  950421d19091928||||||n|||\\\\0\\\|||||\\
=FMT  \\$a  SE
=019  n\$aNLC0002116
=040  \\$aUk$cUk
=082  04$a072.296$222
=245  00$aWindsor, Eton & Slough Express, etc.
=336  \\$atext$2rdacontent
=337  \\$aunmediated$2rdamedia
=338  \\$avolume$2rdacarrier
=651  \0$aBerkshire (England)$vNewspapers.
=651  \0$aWindsor (Berkshire, England)$vNewspapers.
=651  \0$aWindsor and Maidenhead (England)$vNewspapers.
=752  \\$aEngland$bBerkshire$dWindsor.$2blnpn
=780  00$tWindsor and Eton Express, etc.$gno.1-486, 864-5031 (1 Aug.1812-11 Nov.1821; 7 Feb. 1829-26 Dec. 1908)$w013894155
=785  00$tWindsor, Slough & Eton Express, etc.$gno. 6050-8686 (6 July 1928-2 March 1984)$w013894157
=866  \0$aNewspapers :no. 5032-6049 (2 Jan. 1909-29 June 1928)
=856  42$31909-1915$uhttp://www.britishnewspaperarchive.co.uk/search/results?TitleId=BL/0002104$yBritish Newspaper Archive
=852  41$31911-1912$aBritish Library$bNPL$jNEWS9947
=852  41$31919$aBritish Library$bHMNTS$zMicroform.$jMFM.M81170 [1919]
=852  41$31920$aBritish Library$bHMNTS$zMicroform.$jMFM.M81171 [1920]
=852  41$31921$aBritish Library$bHMNTS$zMicroform.$jMFM.M81172 [1921]
=852  41$31922$aBritish Library$bHMNTS$zMicroform.$jMFM.M81173 [1922]
=852  41$31923$aBritish Library$bHMNTS$zMicroform.$jMFM.M81174 [1923]
=852  41$31924$aBritish Library$bHMNTS$zMicroform.$jMFM.M81175 [1924]
=852  41$31925$aBritish Library$bHMNTS$zJan-Jun$zMicroform.$jMFM.M81176 [1925]
=852  41$31925$aBritish Library$bHMNTS$zJan-Jun$zMicroform.$jMFM.M81176 [1925]
=852  41$31925$aBritish Library$bHMNTS$zJul-Dec$zMicroform.$jMFM.M81177 [1925]
=852  41$31926$aBritish Library$bHMNTS$zJan-Jun$zMicroform.$jMFM.M81178 [1926]
=852  41$31926$aBritish Library$bHMNTS$zJul-Dec$zMicroform.$jMFM.M81179 [1926]
=852  41$31927$aBritish Library$bHMNTS$zJan-Jun$zMicroform.$jMFM.M81180 [1927]
=852  41$31927$aBritish Library$bHMNTS$zJul-Dec$zMicroform.$jMFM.M81181 [1927]
=852  41$31928$aBritish Library$bHMNTS$zJan-Jun$zMicroform.$jMFM.M81182 [1928]
=852  \\$aBritish Library$bNPL$cEW
=852  41$31916$aBritish Library$bHMNTS$zMicroform.$jMFM.M81167 [1916]
=852  41$31909$aBritish Library$bHMNTS$zMicroform.$jMFM.M81160 [1909]
=852  41$31910$aBritish Library$bHMNTS$zMicroform.$jMFM.M81161 [1910]
=852  41$31911$aBritish Library$bHMNTS$zMicroform.$jMFM.M81162 [1911]
=852  41$31912$aBritish Library$bHMNTS$zMicroform.$jMFM.M81163 [1912]
=852  41$31913$aBritish Library$bHMNTS$zMicroform.$jMFM.M81164 [1913]
=852  41$31914$aBritish Library$bHMNTS$zMicroform.$jMFM.M81165 [1914]
=852  41$31915$aBritish Library$bHMNTS$zMicroform.$jMFM.M81166 [1915]
=852  41$31917$aBritish Library$bHMNTS$zMicroform.$jMFM.M81168 [1917]
=852  41$31918$aBritish Library$bHMNTS$zMicroform.$jMFM.M81169 [1918]
=852  \\$aBritish Library$bNPL$cEW
=852  41$31909-1928$aBritish Library$bNPL$jNEWS2792
=985  \\$aDisaggregated Record: NPL
=CAT  \\$aBATCH-NPL$b00$c20070912$lBLL01$h1128
=CAT  \\$aBATCH-856$b50$c20220207$lBLL01$h0756
=CAT  \\$aBATCH-UPD$b50$c20220207$lBLL01$h0806
=CAT  \\$aBATCH-856$b50$c20220214$lBLL01$h0937
=CAT  \\$aBATCH-UPD$b50$c20220214$lBLL01$h0949
=CAT  \\$aBATCH-856$b50$c20220301$lBLL01$h1510
=CAT  \\$aBATCH-UPD$b50$c20220301$lBLL01$h1519
=CAT  \\$aRESET-LEV$b50$c20220302$lBLL01$h0053
=CAT  \\$aRESET-LEV$b50$c20220402$lBLL01$h1725
=CAT  \\$aRESET-LEV$b50$c20220502$lBLL01$h0240
=CAT  \\$aRESET-LEV$b50$c20220602$lBLL01$h2124
=CAT  \\$aRESET-LEV$b50$c20220702$lBLL01$h1727
=CAT  \\$aRESET-LEV$b50$c20220802$lBLL01$h0351
=CAT  \\$aRESET-LEV$b50$c20220902$lBLL01$h2219
=CAT  \\$aRESET-LEV$b50$c20221003$lBLL01$h0412
=CAT  \\$aRESET-LEV$b50$c20221102$lBLL01$h0231
=CAT  \\$aRESET-LEV$b50$c20221202$lBLL01$h2222
=CAT  \\$aRESET-LEV$b50$c20230102$lBLL01$h0257
=CAT  \\$aRESET-LEV$b50$c20230202$lBLL01$h2125
=CAT  \\$aRESET-LEV$b50$c20230302$lBLL01$h2132
=CAT  \\$aRESET-LEV$b50$c20230403$lBLL01$h0239
=CAT  \\$aRESET-LEV$b50$c20230502$lBLL01$h0322
=CAT  \\$aRESET-LEV$b50$c20230602$lBLL01$h2224
=CAT  \\$aRESET-LEV$b50$c20230703$lBLL01$h0505
=CAT  \\$aRESET-LEV$b50$c20230802$lBLL01$h0207
=CAT  \\$aRESET-LEV$b50$c20230902$lBLL01$h1735
=CAT  \\$aRESET-LEV$b50$c20231002$lBLL01$h0438
=FIN  \\$aY
=LEO  \\$aMP35.0000102076.1
=LKR  \\$aPAR$lBLL01$r78500$nWindsor, Slough & Eton Express, etc. - no. 6050-8686 (6 July 1928-2 March 1984)$b013894157$mWindsor, Eton & Slough Express, etc. - no. 5032-6049 (2 Jan. 1909-29 June 1928)
=NID  \\$aNID0005123
=SRC  \\$aNPLv17$bbibmp35.20070831.aa
=TCO  \\$aZZZ$c008
=LAS  \\$aRESET-LEV$b50$c20231002$lBLL01$h0438

