=LDR  03317cas a2200721u  4500
=001  013894271
=003  Uk
=005  20220301151001.0
=008  950421d18851962||||||n|||\\\\0\\\||eng\\
=FMT  \\$a  SE
=019  n\$aNLC0002176
=040  \\$aUk$cUk
=082  04$a072.134$222
=245  00$aWest London Press, Westminster & Chelsea News.
=336  \\$atext$2rdacontent
=337  \\$aunmediated$2rdamedia
=338  \\$avolume$2rdacarrier
=651  \0$aKensington and Chelsea (London, England)$vNewspapers.
=752  \\$aEngland$dLondon$fKensington And Chelsea.$2blnpn
=780  00$tWestminster and Chelsea News, etc.$gno. 997-1301 (2 Aug. 1879-25 April 1885)$w013894270
=785  00$tChelsea News, West London Press and Westminster & Pimlico News$gno. 5292-5835 (9 March 1962-11 Aug. 1972)$w013894272
=866  \0$aNewspapers :no. 1302-5291 (2 May 1885-2 March 1962)
=883  0\$aLanguage codes assigned by Bayesian analysis of words present in record$d20200826$qUk$c0.9919
=856  42$31885-1962$uhttp://www.britishnewspaperarchive.co.uk/search/results?TitleId=BL/0000973$yBritish Newspaper Archive
=852  \\$aBritish Library$bNPL$cLON
=852  41$aBritish Library$bNPL$jNEWS shelfmarks - see explore.bl.uk for full holdings
=852  41$aBritish Library$bHMNTS$z23 Nov$zMicroform.$jMFM shelfmarks - see explore.bl.uk for full holdings
=985  \\$aDisaggregated Record: NPL
=985  \\$aUpgraded by BSS-generated file for WR2009-0365
=CAT  \\$aBATCH-NPL$b00$c20070912$lBLL01$h1128
=CAT  \\$aBATCH-856$b50$c20220207$lBLL01$h0756
=CAT  \\$aBATCH-UPD$b50$c20220207$lBLL01$h0806
=CAT  \\$aBATCH-856$b50$c20220214$lBLL01$h0937
=CAT  \\$aBATCH-UPD$b50$c20220214$lBLL01$h0950
=CAT  \\$aBATCH-856$b50$c20220301$lBLL01$h1510
=CAT  \\$aBATCH-UPD$b50$c20220301$lBLL01$h1519
=CAT  \\$aRESET-LEV$b50$c20220302$lBLL01$h0053
=CAT  \\$aRESET-LEV$b50$c20220402$lBLL01$h1725
=CAT  \\$aRESET-LEV$b50$c20220502$lBLL01$h0240
=CAT  \\$aRESET-LEV$b50$c20220602$lBLL01$h2124
=CAT  \\$aRESET-LEV$b50$c20220702$lBLL01$h1727
=CAT  \\$aRESET-LEV$b50$c20220802$lBLL01$h0351
=CAT  \\$aRESET-LEV$b50$c20220902$lBLL01$h2219
=CAT  \\$aRESET-LEV$b50$c20221003$lBLL01$h0412
=CAT  \\$aRESET-LEV$b50$c20221102$lBLL01$h0231
=CAT  \\$aRESET-LEV$b50$c20221202$lBLL01$h2222
=CAT  \\$aRESET-LEV$b50$c20230102$lBLL01$h0257
=CAT  \\$aRESET-LEV$b50$c20230202$lBLL01$h2125
=CAT  \\$aRESET-LEV$b50$c20230302$lBLL01$h2132
=CAT  \\$aRESET-LEV$b50$c20230403$lBLL01$h0239
=CAT  \\$aRESET-LEV$b50$c20230502$lBLL01$h0322
=CAT  \\$aRESET-LEV$b50$c20230602$lBLL01$h2224
=CAT  \\$aRESET-LEV$b50$c20230703$lBLL01$h0505
=CAT  \\$aRESET-LEV$b50$c20230802$lBLL01$h0207
=CAT  \\$aRESET-LEV$b50$c20230902$lBLL01$h1735
=CAT  \\$aRESET-LEV$b50$c20231002$lBLL01$h0439
=FIN  \\$aY
=LEO  \\$aMP35.0000102133.2
=LKR  \\$aPAR$lBLL01$r78500$nChelsea News, West London Press and Westminster & Pimlico News - no. 5292-5835 (9 March 1962-11 Aug. 1972)$b013894272$mWest London Press, Westminster & Chelsea News. - no. 1302-5291 (2 May 1885-2 March 1962)
=NID  \\$aNID0005214
=SRC  \\$aNPLv17$bbibmp35.20070831.aa
=TCO  \\$aZZZ$c008
=LAS  \\$aRESET-LEV$b50$c20231002$lBLL01$h0439

