=LDR  45032cas a2209217u  4500
=001  013894587
=003  Uk
=005  20220301151002.0
=008  950421d18371955||||||n|||\\\\0\\\|||||\\
=FMT  \\$a  SE
=019  n\$aNLC0002344
=040  \\$aUk$cUk
=082  04$a072.9174$222
=245  00$aTuam Herald.
=336  \\$atext$2rdacontent
=337  \\$aunmediated$2rdamedia
=338  \\$avolume$2rdacarrier
=500  \\$a1877, 1885 imperfect.
=651  \0$aGalway (Ireland : County)$vNewspapers.
=651  \0$aTuam (Ireland)$vNewspapers.
=752  \\$aIreland$bCo. Galway$dTuam.$2blnpn
=785  00$tHerald and Western Advertiser$g1 Oct. 1955-5 Oct. 1985$w013894588
=866  \0$aNewspapers :vol. 1, etc. (13 May 1837-29 Dec. 1855; 2 Feb. 1856-28 Feb., 9-23 May 1874; 4 July 1874-8, 22, 29 May, 5, 19 June 1875; 3 July 1875-9 June, 11 Aug., 1 Sept., 10 Nov. 1877; 8 Dec. 1883; 23 Feb. 1884-25 Dec. 1909; 1 Jan. 1910-8 Dec. 1923; 1 Jan. 1938-24 Sept. 1955)
=856  42$31837-1872$uhttp://www.britishnewspaperarchive.co.uk/search/results?TitleId=BL/0001284$yBritish Newspaper Archive
=852  41$31851$aBritish Library$bNPL$cIRL$j17 [1851]
=852  41$31852$aBritish Library$bNPL$cIRL$j26 [1852]
=852  41$31853$aBritish Library$bNPL$cIRL$j3 [1853]
=852  41$31854$aBritish Library$bNPL$cIRL$j55 [1854]
=852  41$31855$aBritish Library$bNPL$cIRL$j9 [1855]
=852  41$31856$aBritish Library$bNPL$cIRL$j15 [1856]
=852  41$31857$aBritish Library$bNPL$cIRL$j6 [1857]
=852  41$31858$aBritish Library$bNPL$cIRL$j3 [1858]
=852  41$31859$aBritish Library$bNPL$cIRL$j55 [1859]
=852  41$31860$aBritish Library$bNPL$cIRL$j67 [1860]
=852  41$31861$aBritish Library$bNPL$cIRL$j7 [1861]
=852  41$31862$aBritish Library$bNPL$cIRL$j12 [1862]
=852  41$31863$aBritish Library$bNPL$cIRL$j66 [1863]
=852  41$31864$aBritish Library$bNPL$cIRL$j14 [1864]
=852  41$31865$aBritish Library$bNPL$cIRL$j55 [1865]
=852  41$31866$aBritish Library$bNPL$cIRL$j19 [1866]
=852  41$31867$aBritish Library$bNPL$cIRL$j29 [1867]
=852  41$31868$aBritish Library$bNPL$cIRL$j70 [1868]
=852  41$31869$aBritish Library$bNPL$cIRL$j13 [1869]
=852  41$31870$aBritish Library$bNPL$cIRL$j26 [1870]
=852  41$31872$aBritish Library$bNPL$cIRL$j60 [1872]
=852  41$31873$aBritish Library$bNPL$cIRL$j16 [1873]
=852  41$31874$aBritish Library$bNPL$cIRL$j54 [1874]
=852  41$31875$aBritish Library$bNPL$cIRL$j50 [1875]
=852  41$31876$aBritish Library$bNPL$cIRL$j56 [1876]
=852  41$31877$aBritish Library$bNPL$cIRL$j38 [1877]
=852  41$31878$aBritish Library$bNPL$cIRL$j35 [1878]
=852  41$31879$aBritish Library$bNPL$cIRL$j17 [1879]
=852  41$31880$aBritish Library$bNPL$cIRL$j42 [1880]
=852  41$31882$aBritish Library$bNPL$cIRL$j37 [1882]
=852  41$31883$aBritish Library$bNPL$cIRL$j50 [1883]
=852  41$31884$aBritish Library$bNPL$cIRL$j14 [1884]
=852  41$31886$aBritish Library$bNPL$cIRL$j40 [1886]
=852  41$31887$aBritish Library$bNPL$cIRL$j8 [1887]
=852  41$31888$aBritish Library$bNPL$cIRL$j75A [1888]
=852  41$31889$aBritish Library$bNPL$cIRL$j45 [1889]
=852  41$31890$aBritish Library$bNPL$cIRL$j40 [1890]
=852  41$31891$aBritish Library$bNPL$cIRL$j35 [1891]
=852  41$31892$aBritish Library$bNPL$cIRL$j8 [1892]
=852  41$31893$aBritish Library$bNPL$cIRL$j10 [1893]
=852  41$31895$aBritish Library$bNPL$cIRL$j16 [1895]
=852  41$31896$aBritish Library$bNPL$cIRL$j90 [1896]
=852  41$31851$aBritish Library$bNPL$cIRL$j17 [1851]
=852  41$31852$aBritish Library$bNPL$cIRL$j26 [1852]
=852  41$31853$aBritish Library$bNPL$cIRL$j3 [1853]
=852  41$31854$aBritish Library$bNPL$cIRL$j55 [1854]
=852  41$31855$aBritish Library$bNPL$cIRL$j9 [1855]
=852  41$31856$aBritish Library$bNPL$cIRL$j15 [1856]
=852  41$31857$aBritish Library$bNPL$cIRL$j6 [1857]
=852  41$31858$aBritish Library$bNPL$cIRL$j3 [1858]
=852  41$31859$aBritish Library$bNPL$cIRL$j55 [1859]
=852  41$31860$aBritish Library$bNPL$cIRL$j67 [1860]
=852  41$31861$aBritish Library$bNPL$cIRL$j7 [1861]
=852  41$31862$aBritish Library$bNPL$cIRL$j12 [1862]
=852  41$31863$aBritish Library$bNPL$cIRL$j66 [1863]
=852  41$31864$aBritish Library$bNPL$cIRL$j14 [1864]
=852  41$31865$aBritish Library$bNPL$cIRL$j55 [1865]
=852  41$31866$aBritish Library$bNPL$cIRL$j19 [1866]
=852  41$31867$aBritish Library$bNPL$cIRL$j29 [1867]
=852  41$31868$aBritish Library$bNPL$cIRL$j70 [1868]
=852  41$31869$aBritish Library$bNPL$cIRL$j13 [1869]
=852  41$31870$aBritish Library$bNPL$cIRL$j26 [1870]
=852  41$31872$aBritish Library$bNPL$cIRL$j60 [1872]
=852  41$31873$aBritish Library$bNPL$cIRL$j16 [1873]
=852  41$31874$aBritish Library$bNPL$cIRL$j54 [1874]
=852  41$31875$aBritish Library$bNPL$cIRL$j50 [1875]
=852  41$31876$aBritish Library$bNPL$cIRL$j56 [1876]
=852  41$31877$aBritish Library$bNPL$cIRL$j38 [1877]
=852  41$31878$aBritish Library$bNPL$cIRL$j35 [1878]
=852  41$31879$aBritish Library$bNPL$cIRL$j17 [1879]
=852  41$31880$aBritish Library$bNPL$cIRL$j42 [1880]
=852  41$31882$aBritish Library$bNPL$cIRL$j37 [1882]
=852  41$31883$aBritish Library$bNPL$cIRL$j50 [1883]
=852  41$31884$aBritish Library$bNPL$cIRL$j14 [1884]
=852  41$31886$aBritish Library$bNPL$cIRL$j40 [1886]
=852  41$31887$aBritish Library$bNPL$cIRL$j8 [1887]
=852  41$31888$aBritish Library$bNPL$cIRL$j75A [1888]
=852  41$31889$aBritish Library$bNPL$cIRL$j45 [1889]
=852  41$31890$aBritish Library$bNPL$cIRL$j40 [1890]
=852  41$31891$aBritish Library$bNPL$cIRL$j35 [1891]
=852  41$31892$aBritish Library$bNPL$cIRL$j8 [1892]
=852  41$31893$aBritish Library$bNPL$cIRL$j10 [1893]
=852  41$31895$aBritish Library$bNPL$cIRL$j16 [1895]
=852  41$31896$aBritish Library$bNPL$cIRL$j90 [1896]
=852  41$31851$aBritish Library$bNPL$cIRL$j17 [1851]
=852  41$31852$aBritish Library$bNPL$cIRL$j26 [1852]
=852  41$31853$aBritish Library$bNPL$cIRL$j3 [1853]
=852  41$31854$aBritish Library$bNPL$cIRL$j55 [1854]
=852  41$31855$aBritish Library$bNPL$cIRL$j9 [1855]
=852  41$31856$aBritish Library$bNPL$cIRL$j15 [1856]
=852  41$31857$aBritish Library$bNPL$cIRL$j6 [1857]
=852  41$31858$aBritish Library$bNPL$cIRL$j3 [1858]
=852  41$31859$aBritish Library$bNPL$cIRL$j55 [1859]
=852  41$31860$aBritish Library$bNPL$cIRL$j67 [1860]
=852  41$31861$aBritish Library$bNPL$cIRL$j7 [1861]
=852  41$31862$aBritish Library$bNPL$cIRL$j12 [1862]
=852  41$31863$aBritish Library$bNPL$cIRL$j66 [1863]
=852  41$31864$aBritish Library$bNPL$cIRL$j14 [1864]
=852  41$31865$aBritish Library$bNPL$cIRL$j55 [1865]
=852  41$31866$aBritish Library$bNPL$cIRL$j19 [1866]
=852  41$31867$aBritish Library$bNPL$cIRL$j29 [1867]
=852  41$31868$aBritish Library$bNPL$cIRL$j70 [1868]
=852  41$31869$aBritish Library$bNPL$cIRL$j13 [1869]
=852  41$31870$aBritish Library$bNPL$cIRL$j26 [1870]
=852  41$31872$aBritish Library$bNPL$cIRL$j60 [1872]
=852  41$31873$aBritish Library$bNPL$cIRL$j16 [1873]
=852  41$31874$aBritish Library$bNPL$cIRL$j54 [1874]
=852  41$31875$aBritish Library$bNPL$cIRL$j50 [1875]
=852  41$31876$aBritish Library$bNPL$cIRL$j56 [1876]
=852  41$31877$aBritish Library$bNPL$cIRL$j38 [1877]
=852  41$31878$aBritish Library$bNPL$cIRL$j35 [1878]
=852  41$31879$aBritish Library$bNPL$cIRL$j17 [1879]
=852  41$31880$aBritish Library$bNPL$cIRL$j42 [1880]
=852  41$31882$aBritish Library$bNPL$cIRL$j37 [1882]
=852  41$31883$aBritish Library$bNPL$cIRL$j50 [1883]
=852  41$31884$aBritish Library$bNPL$cIRL$j14 [1884]
=852  41$31886$aBritish Library$bNPL$cIRL$j40 [1886]
=852  41$31887$aBritish Library$bNPL$cIRL$j8 [1887]
=852  41$31888$aBritish Library$bNPL$cIRL$j75A [1888]
=852  41$31889$aBritish Library$bNPL$cIRL$j45 [1889]
=852  41$31890$aBritish Library$bNPL$cIRL$j40 [1890]
=852  41$31891$aBritish Library$bNPL$cIRL$j35 [1891]
=852  41$31892$aBritish Library$bNPL$cIRL$j8 [1892]
=852  41$31893$aBritish Library$bNPL$cIRL$j10 [1893]
=852  41$31895$aBritish Library$bNPL$cIRL$j16 [1895]
=852  41$31896$aBritish Library$bNPL$cIRL$j90 [1896]
=852  41$31851$aBritish Library$bNPL$cIRL$j17 [1851]
=852  41$31852$aBritish Library$bNPL$cIRL$j26 [1852]
=852  41$31853$aBritish Library$bNPL$cIRL$j3 [1853]
=852  41$31854$aBritish Library$bNPL$cIRL$j55 [1854]
=852  41$31855$aBritish Library$bNPL$cIRL$j9 [1855]
=852  41$31856$aBritish Library$bNPL$cIRL$j15 [1856]
=852  41$31857$aBritish Library$bNPL$cIRL$j6 [1857]
=852  41$31858$aBritish Library$bNPL$cIRL$j3 [1858]
=852  41$31859$aBritish Library$bNPL$cIRL$j55 [1859]
=852  41$31860$aBritish Library$bNPL$cIRL$j67 [1860]
=852  41$31861$aBritish Library$bNPL$cIRL$j7 [1861]
=852  41$31862$aBritish Library$bNPL$cIRL$j12 [1862]
=852  41$31863$aBritish Library$bNPL$cIRL$j66 [1863]
=852  41$31864$aBritish Library$bNPL$cIRL$j14 [1864]
=852  41$31865$aBritish Library$bNPL$cIRL$j55 [1865]
=852  41$31866$aBritish Library$bNPL$cIRL$j19 [1866]
=852  41$31867$aBritish Library$bNPL$cIRL$j29 [1867]
=852  41$31868$aBritish Library$bNPL$cIRL$j70 [1868]
=852  41$31869$aBritish Library$bNPL$cIRL$j13 [1869]
=852  41$31870$aBritish Library$bNPL$cIRL$j26 [1870]
=852  41$31872$aBritish Library$bNPL$cIRL$j60 [1872]
=852  41$31873$aBritish Library$bNPL$cIRL$j16 [1873]
=852  41$31874$aBritish Library$bNPL$cIRL$j54 [1874]
=852  41$31875$aBritish Library$bNPL$cIRL$j50 [1875]
=852  41$31876$aBritish Library$bNPL$cIRL$j56 [1876]
=852  41$31877$aBritish Library$bNPL$cIRL$j38 [1877]
=852  41$31878$aBritish Library$bNPL$cIRL$j35 [1878]
=852  41$31879$aBritish Library$bNPL$cIRL$j17 [1879]
=852  41$31880$aBritish Library$bNPL$cIRL$j42 [1880]
=852  41$31882$aBritish Library$bNPL$cIRL$j37 [1882]
=852  41$31883$aBritish Library$bNPL$cIRL$j50 [1883]
=852  41$31884$aBritish Library$bNPL$cIRL$j14 [1884]
=852  41$31886$aBritish Library$bNPL$cIRL$j40 [1886]
=852  41$31887$aBritish Library$bNPL$cIRL$j8 [1887]
=852  41$31888$aBritish Library$bNPL$cIRL$j75A [1888]
=852  41$31889$aBritish Library$bNPL$cIRL$j45 [1889]
=852  41$31890$aBritish Library$bNPL$cIRL$j40 [1890]
=852  41$31891$aBritish Library$bNPL$cIRL$j35 [1891]
=852  41$31892$aBritish Library$bNPL$cIRL$j8 [1892]
=852  41$31893$aBritish Library$bNPL$cIRL$j10 [1893]
=852  41$31895$aBritish Library$bNPL$cIRL$j16 [1895]
=852  41$31896$aBritish Library$bNPL$cIRL$j90 [1896]
=852  41$31851$aBritish Library$bNPL$cIRL$j17 [1851]
=852  41$31852$aBritish Library$bNPL$cIRL$j26 [1852]
=852  41$31853$aBritish Library$bNPL$cIRL$j3 [1853]
=852  41$31854$aBritish Library$bNPL$cIRL$j55 [1854]
=852  41$31855$aBritish Library$bNPL$cIRL$j9 [1855]
=852  41$31856$aBritish Library$bNPL$cIRL$j15 [1856]
=852  41$31857$aBritish Library$bNPL$cIRL$j6 [1857]
=852  41$31858$aBritish Library$bNPL$cIRL$j3 [1858]
=852  41$31859$aBritish Library$bNPL$cIRL$j55 [1859]
=852  41$31860$aBritish Library$bNPL$cIRL$j67 [1860]
=852  41$31861$aBritish Library$bNPL$cIRL$j7 [1861]
=852  41$31862$aBritish Library$bNPL$cIRL$j12 [1862]
=852  41$31863$aBritish Library$bNPL$cIRL$j66 [1863]
=852  41$31864$aBritish Library$bNPL$cIRL$j14 [1864]
=852  41$31865$aBritish Library$bNPL$cIRL$j55 [1865]
=852  41$31866$aBritish Library$bNPL$cIRL$j19 [1866]
=852  41$31867$aBritish Library$bNPL$cIRL$j29 [1867]
=852  41$31868$aBritish Library$bNPL$cIRL$j70 [1868]
=852  41$31869$aBritish Library$bNPL$cIRL$j13 [1869]
=852  41$31870$aBritish Library$bNPL$cIRL$j26 [1870]
=852  41$31872$aBritish Library$bNPL$cIRL$j60 [1872]
=852  41$31873$aBritish Library$bNPL$cIRL$j16 [1873]
=852  41$31874$aBritish Library$bNPL$cIRL$j54 [1874]
=852  41$31875$aBritish Library$bNPL$cIRL$j50 [1875]
=852  41$31876$aBritish Library$bNPL$cIRL$j56 [1876]
=852  41$31877$aBritish Library$bNPL$cIRL$j38 [1877]
=852  41$31878$aBritish Library$bNPL$cIRL$j35 [1878]
=852  41$31879$aBritish Library$bNPL$cIRL$j17 [1879]
=852  41$31880$aBritish Library$bNPL$cIRL$j42 [1880]
=852  41$31882$aBritish Library$bNPL$cIRL$j37 [1882]
=852  41$31883$aBritish Library$bNPL$cIRL$j50 [1883]
=852  41$31884$aBritish Library$bNPL$cIRL$j14 [1884]
=852  41$31886$aBritish Library$bNPL$cIRL$j40 [1886]
=852  41$31887$aBritish Library$bNPL$cIRL$j8 [1887]
=852  41$31888$aBritish Library$bNPL$cIRL$j75A [1888]
=852  41$31889$aBritish Library$bNPL$cIRL$j45 [1889]
=852  41$31890$aBritish Library$bNPL$cIRL$j40 [1890]
=852  41$31891$aBritish Library$bNPL$cIRL$j35 [1891]
=852  41$31892$aBritish Library$bNPL$cIRL$j8 [1892]
=852  41$31893$aBritish Library$bNPL$cIRL$j10 [1893]
=852  41$31895$aBritish Library$bNPL$cIRL$j16 [1895]
=852  41$31896$aBritish Library$bNPL$cIRL$j90 [1896]
=852  41$31851$aBritish Library$bNPL$cIRL$j17 [1851]
=852  41$31852$aBritish Library$bNPL$cIRL$j26 [1852]
=852  41$31853$aBritish Library$bNPL$cIRL$j3 [1853]
=852  41$31854$aBritish Library$bNPL$cIRL$j55 [1854]
=852  41$31855$aBritish Library$bNPL$cIRL$j9 [1855]
=852  41$31856$aBritish Library$bNPL$cIRL$j15 [1856]
=852  41$31857$aBritish Library$bNPL$cIRL$j6 [1857]
=852  41$31858$aBritish Library$bNPL$cIRL$j3 [1858]
=852  41$31859$aBritish Library$bNPL$cIRL$j55 [1859]
=852  41$31860$aBritish Library$bNPL$cIRL$j67 [1860]
=852  41$31861$aBritish Library$bNPL$cIRL$j7 [1861]
=852  41$31862$aBritish Library$bNPL$cIRL$j12 [1862]
=852  41$31863$aBritish Library$bNPL$cIRL$j66 [1863]
=852  41$31864$aBritish Library$bNPL$cIRL$j14 [1864]
=852  41$31865$aBritish Library$bNPL$cIRL$j55 [1865]
=852  41$31866$aBritish Library$bNPL$cIRL$j19 [1866]
=852  41$31867$aBritish Library$bNPL$cIRL$j29 [1867]
=852  41$31868$aBritish Library$bNPL$cIRL$j70 [1868]
=852  41$31869$aBritish Library$bNPL$cIRL$j13 [1869]
=852  41$31870$aBritish Library$bNPL$cIRL$j26 [1870]
=852  41$31872$aBritish Library$bNPL$cIRL$j60 [1872]
=852  41$31873$aBritish Library$bNPL$cIRL$j16 [1873]
=852  41$31874$aBritish Library$bNPL$cIRL$j54 [1874]
=852  41$31875$aBritish Library$bNPL$cIRL$j50 [1875]
=852  41$31876$aBritish Library$bNPL$cIRL$j56 [1876]
=852  41$31877$aBritish Library$bNPL$cIRL$j38 [1877]
=852  41$31878$aBritish Library$bNPL$cIRL$j35 [1878]
=852  41$31879$aBritish Library$bNPL$cIRL$j17 [1879]
=852  41$31880$aBritish Library$bNPL$cIRL$j42 [1880]
=852  41$31882$aBritish Library$bNPL$cIRL$j37 [1882]
=852  41$31883$aBritish Library$bNPL$cIRL$j50 [1883]
=852  41$31884$aBritish Library$bNPL$cIRL$j14 [1884]
=852  41$31886$aBritish Library$bNPL$cIRL$j40 [1886]
=852  41$31887$aBritish Library$bNPL$cIRL$j8 [1887]
=852  41$31888$aBritish Library$bNPL$cIRL$j75A [1888]
=852  41$31889$aBritish Library$bNPL$cIRL$j45 [1889]
=852  41$31890$aBritish Library$bNPL$cIRL$j40 [1890]
=852  41$31891$aBritish Library$bNPL$cIRL$j35 [1891]
=852  41$31892$aBritish Library$bNPL$cIRL$j8 [1892]
=852  41$31893$aBritish Library$bNPL$cIRL$j10 [1893]
=852  41$31895$aBritish Library$bNPL$cIRL$j16 [1895]
=852  41$31896$aBritish Library$bNPL$cIRL$j90 [1896]
=852  41$31851$aBritish Library$bNPL$cIRL$j17 [1851]
=852  41$31852$aBritish Library$bNPL$cIRL$j26 [1852]
=852  41$31853$aBritish Library$bNPL$cIRL$j3 [1853]
=852  41$31854$aBritish Library$bNPL$cIRL$j55 [1854]
=852  41$31855$aBritish Library$bNPL$cIRL$j9 [1855]
=852  41$31856$aBritish Library$bNPL$cIRL$j15 [1856]
=852  41$31857$aBritish Library$bNPL$cIRL$j6 [1857]
=852  41$31858$aBritish Library$bNPL$cIRL$j3 [1858]
=852  41$31859$aBritish Library$bNPL$cIRL$j55 [1859]
=852  41$31860$aBritish Library$bNPL$cIRL$j67 [1860]
=852  41$31861$aBritish Library$bNPL$cIRL$j7 [1861]
=852  41$31862$aBritish Library$bNPL$cIRL$j12 [1862]
=852  41$31863$aBritish Library$bNPL$cIRL$j66 [1863]
=852  41$31864$aBritish Library$bNPL$cIRL$j14 [1864]
=852  41$31865$aBritish Library$bNPL$cIRL$j55 [1865]
=852  41$31866$aBritish Library$bNPL$cIRL$j19 [1866]
=852  41$31867$aBritish Library$bNPL$cIRL$j29 [1867]
=852  41$31868$aBritish Library$bNPL$cIRL$j70 [1868]
=852  41$31869$aBritish Library$bNPL$cIRL$j13 [1869]
=852  41$31870$aBritish Library$bNPL$cIRL$j26 [1870]
=852  41$31872$aBritish Library$bNPL$cIRL$j60 [1872]
=852  41$31873$aBritish Library$bNPL$cIRL$j16 [1873]
=852  41$31874$aBritish Library$bNPL$cIRL$j54 [1874]
=852  41$31875$aBritish Library$bNPL$cIRL$j50 [1875]
=852  41$31876$aBritish Library$bNPL$cIRL$j56 [1876]
=852  41$31877$aBritish Library$bNPL$cIRL$j38 [1877]
=852  41$31878$aBritish Library$bNPL$cIRL$j35 [1878]
=852  41$31879$aBritish Library$bNPL$cIRL$j17 [1879]
=852  41$31880$aBritish Library$bNPL$cIRL$j42 [1880]
=852  41$31882$aBritish Library$bNPL$cIRL$j37 [1882]
=852  41$31883$aBritish Library$bNPL$cIRL$j50 [1883]
=852  41$31884$aBritish Library$bNPL$cIRL$j14 [1884]
=852  41$31886$aBritish Library$bNPL$cIRL$j40 [1886]
=852  41$31887$aBritish Library$bNPL$cIRL$j8 [1887]
=852  41$31888$aBritish Library$bNPL$cIRL$j75A [1888]
=852  41$31889$aBritish Library$bNPL$cIRL$j45 [1889]
=852  41$31890$aBritish Library$bNPL$cIRL$j40 [1890]
=852  41$31891$aBritish Library$bNPL$cIRL$j35 [1891]
=852  41$31892$aBritish Library$bNPL$cIRL$j8 [1892]
=852  41$31893$aBritish Library$bNPL$cIRL$j10 [1893]
=852  41$31895$aBritish Library$bNPL$cIRL$j16 [1895]
=852  41$31896$aBritish Library$bNPL$cIRL$j90 [1896]
=852  41$31851$aBritish Library$bNPL$cIRL$j17 [1851]
=852  41$31852$aBritish Library$bNPL$cIRL$j26 [1852]
=852  41$31853$aBritish Library$bNPL$cIRL$j3 [1853]
=852  41$31854$aBritish Library$bNPL$cIRL$j55 [1854]
=852  41$31855$aBritish Library$bNPL$cIRL$j9 [1855]
=852  41$31856$aBritish Library$bNPL$cIRL$j15 [1856]
=852  41$31857$aBritish Library$bNPL$cIRL$j6 [1857]
=852  41$31858$aBritish Library$bNPL$cIRL$j3 [1858]
=852  41$31859$aBritish Library$bNPL$cIRL$j55 [1859]
=852  41$31860$aBritish Library$bNPL$cIRL$j67 [1860]
=852  41$31861$aBritish Library$bNPL$cIRL$j7 [1861]
=852  41$31862$aBritish Library$bNPL$cIRL$j12 [1862]
=852  41$31863$aBritish Library$bNPL$cIRL$j66 [1863]
=852  41$31864$aBritish Library$bNPL$cIRL$j14 [1864]
=852  41$31865$aBritish Library$bNPL$cIRL$j55 [1865]
=852  41$31866$aBritish Library$bNPL$cIRL$j19 [1866]
=852  41$31867$aBritish Library$bNPL$cIRL$j29 [1867]
=852  41$31868$aBritish Library$bNPL$cIRL$j70 [1868]
=852  41$31869$aBritish Library$bNPL$cIRL$j13 [1869]
=852  41$31870$aBritish Library$bNPL$cIRL$j26 [1870]
=852  41$31872$aBritish Library$bNPL$cIRL$j60 [1872]
=852  41$31873$aBritish Library$bNPL$cIRL$j16 [1873]
=852  41$31874$aBritish Library$bNPL$cIRL$j54 [1874]
=852  41$31875$aBritish Library$bNPL$cIRL$j50 [1875]
=852  41$31876$aBritish Library$bNPL$cIRL$j56 [1876]
=852  41$31877$aBritish Library$bNPL$cIRL$j38 [1877]
=852  41$31878$aBritish Library$bNPL$cIRL$j35 [1878]
=852  41$31879$aBritish Library$bNPL$cIRL$j17 [1879]
=852  41$31880$aBritish Library$bNPL$cIRL$j42 [1880]
=852  41$31882$aBritish Library$bNPL$cIRL$j37 [1882]
=852  41$31883$aBritish Library$bNPL$cIRL$j50 [1883]
=852  41$31884$aBritish Library$bNPL$cIRL$j14 [1884]
=852  41$31886$aBritish Library$bNPL$cIRL$j40 [1886]
=852  41$31887$aBritish Library$bNPL$cIRL$j8 [1887]
=852  41$31888$aBritish Library$bNPL$cIRL$j75A [1888]
=852  41$31889$aBritish Library$bNPL$cIRL$j45 [1889]
=852  41$31890$aBritish Library$bNPL$cIRL$j40 [1890]
=852  41$31891$aBritish Library$bNPL$cIRL$j35 [1891]
=852  41$31892$aBritish Library$bNPL$cIRL$j8 [1892]
=852  41$31893$aBritish Library$bNPL$cIRL$j10 [1893]
=852  41$31895$aBritish Library$bNPL$cIRL$j16 [1895]
=852  41$31896$aBritish Library$bNPL$cIRL$j90 [1896]
=852  41$31860$aBritish Library$bNPL$cIRL$j28 [1860]
=852  \\$aBritish Library$bNPL$cIRL
=852  \\$aBritish Library$bNPL$cIRL
=852  \\$aBritish Library$bNPL$cIRL
=852  \\$aBritish Library$bNPL$cIRL
=852  \\$aBritish Library$bNPL$cIRL
=852  \\$aBritish Library$bNPL$cIRL
=852  41$31851$aBritish Library$bNPL$cIRL$j29 [1851]
=852  41$31852$aBritish Library$bNPL$cIRL$j52 [1852]
=852  41$31853$aBritish Library$bNPL$cIRL$j29 [1853]
=852  41$31854$aBritish Library$bNPL$cIRL$j36 [1854]
=852  41$31855$aBritish Library$bNPL$cIRL$j58 [1855]
=852  41$31856$aBritish Library$bNPL$cIRL$j42 [1856]
=852  41$31857$aBritish Library$bNPL$cIRL$j49 [1857]
=852  41$31858$aBritish Library$bNPL$cIRL$j45 [1858]
=852  41$31859$aBritish Library$bNPL$cIRL$j61 [1859]
=852  41$31863$aBritish Library$bNPL$cIRL$j59 [1863]
=852  41$31861$aBritish Library$bNPL$cIRL$j29 [1861]
=852  41$31862$aBritish Library$bNPL$cIRL$j55 [1862]
=852  41$31864$aBritish Library$bNPL$cIRL$j54 [1864]
=852  41$31865$aBritish Library$bNPL$cIRL$j34 [1865]
=852  41$31866$aBritish Library$bNPL$cIRL$j40 [1866]
=852  41$31867$aBritish Library$bNPL$cIRL$j28 [1867]
=852  41$31868$aBritish Library$bNPL$cIRL$j11 [1868]
=852  41$31869$aBritish Library$bNPL$cIRL$j46 [1869]
=852  41$31870$aBritish Library$bNPL$cIRL$j19 [1870]
=852  41$31871$aBritish Library$bNPL$cIRL$j67 [1871]
=852  41$31872$aBritish Library$bNPL$cIRL$j66 [1872]
=852  41$31873$aBritish Library$bNPL$cIRL$j1 [1873]
=852  41$31879$aBritish Library$bNPL$cIRL$j68 [1879]
=852  41$31880$aBritish Library$bNPL$cIRL$j74 [1880]
=852  41$31881$aBritish Library$bNPL$cIRL$j13 [1881]
=852  41$31882$aBritish Library$bNPL$cIRL$j43 [1882]
=852  41$31883$aBritish Library$bNPL$cIRL$j59 [1883]
=852  41$31884$aBritish Library$bNPL$cIRL$j15 [1884]
=852  41$31886$aBritish Library$bNPL$cIRL$j47 [1886]
=852  41$31888$aBritish Library$bNPL$cIRL$j75 [1888]
=852  41$31889$aBritish Library$bNPL$cIRL$j51 [1889]
=852  41$31851$aBritish Library$bNPL$cIRL$j29 [1851]
=852  41$31853$aBritish Library$bNPL$cIRL$j37 [1853]
=852  41$31854$aBritish Library$bNPL$cIRL$j17 [1854]
=852  41$31885$aBritish Library$bNPL$cIRL$j39 [1885]
=852  41$31887$aBritish Library$bNPL$cIRL$j57 [1887]
=852  41$31892$aBritish Library$bNPL$cIRL$j5 [1892]
=852  41$31895$aBritish Library$bNPL$cIRL$j26 [1895]
=852  41$31893$aBritish Library$bNPL$cIRL$j19 [1893]
=852  41$31894$aBritish Library$bNPL$cIRL$j68 [1894]
=852  41$31859$aBritish Library$bNPL$cIRL$j70 [1859]
=852  41$31869$aBritish Library$bNPL$cIRL$j41 [1869]
=852  41$31866$aBritish Library$bNPL$cIRL$j54 [1866]
=852  41$31872$aBritish Library$bNPL$cIRL$j66 [1872]
=852  41$31873$aBritish Library$bNPL$cIRL$j8 [1873]
=852  41$31879$aBritish Library$bNPL$cIRL$j69 [1879]
=852  41$31852$aBritish Library$bNPL$cIRL$j23 [1852]
=852  41$31856$aBritish Library$bNPL$cIRL$j2 [1856]
=852  41$31860$aBritish Library$bNPL$cIRL$j36 [1860]
=852  41$31863$aBritish Library$bNPL$cIRL$j34 [1863]
=852  41$31870$aBritish Library$bNPL$cIRL$j55 [1870]
=852  41$31871$aBritish Library$bNPL$cIRL$j41A [1871]
=852  41$31874$aBritish Library$bNPL$cIRL$j45 [1874]
=852  41$31882$aBritish Library$bNPL$cIRL$j69 [1882]
=852  41$31877$aBritish Library$bNPL$cIRL$j63 [1877]
=852  41$31878$aBritish Library$bNPL$cIRL$j8 [1878]
=852  41$31883$aBritish Library$bNPL$cIRL$j61 [1883]
=852  41$31884$aBritish Library$bNPL$cIRL$j23 [1884]
=852  41$31880$aBritish Library$bNPL$cIRL$j56 [1880]
=852  41$31888$aBritish Library$bNPL$cIRL$j82 [1888]
=852  41$31889$aBritish Library$bNPL$cIRL$j50 [1889]
=852  41$31890$aBritish Library$bNPL$cIRL$j18 [1890]
=852  41$31891$aBritish Library$bNPL$cIRL$j84 [1891]
=852  41$31896$aBritish Library$bNPL$cIRL$j98 [1896]
=852  41$31868$aBritish Library$bNPL$cIRL$j64 [1868]
=852  41$31855$aBritish Library$bNPL$cIRL$j61 [1855]
=852  41$31857$aBritish Library$bNPL$cIRL$j5 [1857]
=852  41$31858$aBritish Library$bNPL$cIRL$j21 [1858]
=852  41$31861$aBritish Library$bNPL$cIRL$j64 [1861]
=852  41$31862$aBritish Library$bNPL$cIRL$j8 [1862]
=852  41$31864$aBritish Library$bNPL$cIRL$j51A [1864]
=852  41$31865$aBritish Library$bNPL$cIRL$j57 [1865]
=852  41$31867$aBritish Library$bNPL$cIRL$j30 [1867]
=852  41$31875$aBritish Library$bNPL$cIRL$j37A [1875]
=852  41$31876$aBritish Library$bNPL$cIRL$j25 [1876]
=852  41$31851$aBritish Library$bNPL$cIRL$j40 [1851]
=852  41$31852$aBritish Library$bNPL$cIRL$j41 [1852]
=852  41$31853$aBritish Library$bNPL$cIRL$j39 [1853]
=852  41$31854$aBritish Library$bNPL$cIRL$j15 [1854]
=852  41$31855$aBritish Library$bNPL$cIRL$j33 [1855]
=852  41$31856$aBritish Library$bNPL$cIRL$j4 [1856]
=852  41$31857$aBritish Library$bNPL$cIRL$j54 [1857]
=852  41$31858$aBritish Library$bNPL$cIRL$j55 [1858]
=852  41$31859$aBritish Library$bNPL$cIRL$j68 [1859]
=852  41$31860$aBritish Library$bNPL$cIRL$j36 [1860]
=852  41$31861$aBritish Library$bNPL$cIRL$j17 [1861]
=852  41$31862$aBritish Library$bNPL$cIRL$j38 [1862]
=852  41$31863$aBritish Library$bNPL$cIRL$j64 [1863]
=852  41$31864$aBritish Library$bNPL$cIRL$j59 [1864]
=852  41$31865$aBritish Library$bNPL$cIRL$j38 [1865]
=852  41$31866$aBritish Library$bNPL$cIRL$j6 [1866]
=852  41$31867$aBritish Library$bNPL$cIRL$j55 [1867]
=852  41$31868$aBritish Library$bNPL$cIRL$j19 [1868]
=852  41$31869$aBritish Library$bNPL$cIRL$j3 [1869]
=852  41$31870$aBritish Library$bNPL$cIRL$j53 [1870]
=852  41$31871$aBritish Library$bNPL$cIRL$j14 [1871]
=852  41$31872$aBritish Library$bNPL$cIRL$j59 [1872]
=852  41$31873$aBritish Library$bNPL$cIRL$j15 [1873]
=852  41$31874$aBritish Library$bNPL$cIRL$j56 [1874]
=852  41$31875$aBritish Library$bNPL$cIRL$j6 [1875]
=852  41$31876$aBritish Library$bNPL$cIRL$j57 [1876]
=852  41$31877$aBritish Library$bNPL$cIRL$j27 [1877]
=852  41$31878$aBritish Library$bNPL$cIRL$j10 [1878]
=852  41$31879$aBritish Library$bNPL$cIRL$j58 [1879]
=852  41$31880$aBritish Library$bNPL$cIRL$j70 [1880]
=852  41$31851$aBritish Library$bNPL$cIRL$j40 [1851]
=852  41$31852$aBritish Library$bNPL$cIRL$j41 [1852]
=852  41$31853$aBritish Library$bNPL$cIRL$j39 [1853]
=852  41$31854$aBritish Library$bNPL$cIRL$j15 [1854]
=852  41$31855$aBritish Library$bNPL$cIRL$j33 [1855]
=852  41$31856$aBritish Library$bNPL$cIRL$j4 [1856]
=852  41$31857$aBritish Library$bNPL$cIRL$j54 [1857]
=852  41$31858$aBritish Library$bNPL$cIRL$j55 [1858]
=852  41$31859$aBritish Library$bNPL$cIRL$j68 [1859]
=852  41$31860$aBritish Library$bNPL$cIRL$j36 [1860]
=852  41$31861$aBritish Library$bNPL$cIRL$j17 [1861]
=852  41$31862$aBritish Library$bNPL$cIRL$j38 [1862]
=852  41$31863$aBritish Library$bNPL$cIRL$j64 [1863]
=852  41$31864$aBritish Library$bNPL$cIRL$j59 [1864]
=852  41$31865$aBritish Library$bNPL$cIRL$j38 [1865]
=852  41$31866$aBritish Library$bNPL$cIRL$j6 [1866]
=852  41$31867$aBritish Library$bNPL$cIRL$j55 [1867]
=852  41$31868$aBritish Library$bNPL$cIRL$j19 [1868]
=852  41$31869$aBritish Library$bNPL$cIRL$j3 [1869]
=852  41$31870$aBritish Library$bNPL$cIRL$j53 [1870]
=852  41$31871$aBritish Library$bNPL$cIRL$j14 [1871]
=852  41$31872$aBritish Library$bNPL$cIRL$j59 [1872]
=852  41$31873$aBritish Library$bNPL$cIRL$j15 [1873]
=852  41$31874$aBritish Library$bNPL$cIRL$j56 [1874]
=852  41$31875$aBritish Library$bNPL$cIRL$j6 [1875]
=852  41$31876$aBritish Library$bNPL$cIRL$j57 [1876]
=852  41$31877$aBritish Library$bNPL$cIRL$j27 [1877]
=852  41$31878$aBritish Library$bNPL$cIRL$j10 [1878]
=852  41$31879$aBritish Library$bNPL$cIRL$j58 [1879]
=852  41$31880$aBritish Library$bNPL$cIRL$j70 [1880]
=852  41$31851$aBritish Library$bNPL$cIRL$j23 [1851]
=852  41$31852$aBritish Library$bNPL$cIRL$j28 [1852]
=852  41$31853$aBritish Library$bNPL$cIRL$j29 [1853]
=852  41$31854$aBritish Library$bNPL$cIRL$j36 [1854]
=852  41$31855$aBritish Library$bNPL$cIRL$j58 [1855]
=852  41$31856$aBritish Library$bNPL$cIRL$j42 [1856]
=852  41$31857$aBritish Library$bNPL$cIRL$j27 [1857]
=852  41$31858$aBritish Library$bNPL$cIRL$j22 [1858]
=852  41$31859$aBritish Library$bNPL$cIRL$j35 [1859]
=852  41$31860$aBritish Library$bNPL$cIRL$j53 [1860]
=852  41$31861$aBritish Library$bNPL$cIRL$j62 [1861]
=852  41$31862$aBritish Library$bNPL$cIRL$j32 [1862]
=852  41$31863$aBritish Library$bNPL$cIRL$j59 [1863]
=852  41$31864$aBritish Library$bNPL$cIRL$j60 [1864]
=852  41$31865$aBritish Library$bNPL$cIRL$j5 [1865]
=852  41$31866$aBritish Library$bNPL$cIRL$j42 [1866]
=852  41$31867$aBritish Library$bNPL$cIRL$j28 [1867]
=852  41$31868$aBritish Library$bNPL$cIRL$j12 [1868]
=852  41$31869$aBritish Library$bNPL$cIRL$j49 [1869]
=852  41$31870$aBritish Library$bNPL$cIRL$j17 [1870]
=852  41$31871$aBritish Library$bNPL$cIRL$j4 [1871]
=852  41$31872$aBritish Library$bNPL$cIRL$j66 [1872]
=852  41$31851$aBritish Library$bNPL$cIRL$j23 [1851]
=852  41$31852$aBritish Library$bNPL$cIRL$j28 [1852]
=852  41$31853$aBritish Library$bNPL$cIRL$j29 [1853]
=852  41$31854$aBritish Library$bNPL$cIRL$j36 [1854]
=852  41$31855$aBritish Library$bNPL$cIRL$j58 [1855]
=852  41$31856$aBritish Library$bNPL$cIRL$j42 [1856]
=852  41$31857$aBritish Library$bNPL$cIRL$j27 [1857]
=852  41$31858$aBritish Library$bNPL$cIRL$j22 [1858]
=852  41$31859$aBritish Library$bNPL$cIRL$j35 [1859]
=852  41$31860$aBritish Library$bNPL$cIRL$j53 [1860]
=852  41$31861$aBritish Library$bNPL$cIRL$j62 [1861]
=852  41$31862$aBritish Library$bNPL$cIRL$j32 [1862]
=852  41$31863$aBritish Library$bNPL$cIRL$j59 [1863]
=852  41$31864$aBritish Library$bNPL$cIRL$j60 [1864]
=852  41$31865$aBritish Library$bNPL$cIRL$j5 [1865]
=852  41$31866$aBritish Library$bNPL$cIRL$j42 [1866]
=852  41$31867$aBritish Library$bNPL$cIRL$j28 [1867]
=852  41$31868$aBritish Library$bNPL$cIRL$j12 [1868]
=852  41$31869$aBritish Library$bNPL$cIRL$j49 [1869]
=852  41$31870$aBritish Library$bNPL$cIRL$j17 [1870]
=852  41$31871$aBritish Library$bNPL$cIRL$j4 [1871]
=852  41$31872$aBritish Library$bNPL$cIRL$j66 [1872]
=852  41$31890$aBritish Library$bNPL$cIRL$j51 [1890]
=852  41$31891$aBritish Library$bNPL$cIRL$j52 [1891]
=852  41$31892$aBritish Library$bNPL$cIRL$j101 [1892]
=852  41$31893$aBritish Library$bNPL$cIRL$j1B [1893]
=852  41$31894$aBritish Library$bNPL$cIRL$j6 [1894]
=852  41$31895$aBritish Library$bNPL$cIRL$j126A [1895]
=852  41$31896$aBritish Library$bNPL$cIRL$j54 [1896]
=852  41$31904$aBritish Library$bNPL$cIRL$j138 [1904]
=852  41$31891$aBritish Library$bNPL$cIRL$j36 [1891]
=852  41$31890$aBritish Library$bNPL$cIRL$j36 [1890]
=852  41$31892$aBritish Library$bNPL$cIRL$j10 [1892]
=852  41$31893$aBritish Library$bNPL$cIRL$j16 [1893]
=852  41$31894$aBritish Library$bNPL$cIRL$j81 [1894]
=852  41$31895$aBritish Library$bNPL$cIRL$j18 [1895]
=852  41$31896$aBritish Library$bNPL$cIRL$j91 [1896]
=852  41$31879$aBritish Library$bNPL$cIRL$j28 [1879]
=852  41$31878$aBritish Library$bNPL$cIRL$j6 [1878]
=852  41$31880$aBritish Library$bNPL$cIRL$j41 [1880]
=852  41$31881$aBritish Library$bNPL$cIRL$j2 [1881]
=852  41$31882$aBritish Library$bNPL$cIRL$j40A [1882]
=852  41$31883$aBritish Library$bNPL$cIRL$j52 [1883]
=852  41$31884$aBritish Library$bNPL$cIRL$j20 [1884]
=852  41$31886$aBritish Library$bNPL$cIRL$j46 [1886]
=852  41$31887$aBritish Library$bNPL$cIRL$j16 [1887]
=852  41$31888$aBritish Library$bNPL$cIRL$j61 [1888]
=852  41$31889$aBritish Library$bNPL$cIRL$j48 [1889]
=852  41$31881$aBritish Library$bNPL$cIRL$j70 [1881]
=852  41$31882$aBritish Library$bNPL$cIRL$j49 [1882]
=852  41$31883$aBritish Library$bNPL$cIRL$j67 [1883]
=852  41$31884$aBritish Library$bNPL$cIRL$j61 [1884]
=852  41$31887$aBritish Library$bNPL$cIRL$j14 [1887]
=852  41$31888$aBritish Library$bNPL$cIRL$j80 [1888]
=852  41$31889$aBritish Library$bNPL$cIRL$j55 [1889]
=852  41$31890$aBritish Library$bNPL$cIRL$j17 [1890]
=852  41$31893$aBritish Library$bNPL$cIRL$j58 [1893]
=852  41$31894$aBritish Library$bNPL$cIRL$j109 [1894]
=852  41$31895$aBritish Library$bNPL$cIRL$j66 [1895]
=852  41$31862$aBritish Library$bNPL$cIRL$j14 [1862]
=852  41$31863$aBritish Library$bNPL$cIRL$j39 [1863]
=852  41$31864$aBritish Library$bNPL$cIRL$j16 [1864]
=852  41$31865$aBritish Library$bNPL$cIRL$j13 [1865]
=852  41$31866$aBritish Library$bNPL$cIRL$j26 [1866]
=852  41$31867$aBritish Library$bNPL$cIRL$j5 [1867]
=852  41$31868$aBritish Library$bNPL$cIRL$j25 [1868]
=852  41$31869$aBritish Library$bNPL$cIRL$j20 [1869]
=852  41$31870$aBritish Library$bNPL$cIRL$j23 [1870]
=852  41$31871$aBritish Library$bNPL$cIRL$j12 [1871]
=852  41$31872$aBritish Library$bNPL$cIRL$j16 [1872]
=852  41$31873$aBritish Library$bNPL$cIRL$j36 [1873]
=852  41$31874$aBritish Library$bNPL$cIRL$j20 [1874]
=852  41$31875$aBritish Library$bNPL$cIRL$j44 [1875]
=852  41$31876$aBritish Library$bNPL$cIRL$j43 [1876]
=852  41$31877$aBritish Library$bNPL$cIRL$j36 [1877]
=852  41$31878$aBritish Library$bNPL$cIRL$j68 [1878]
=852  41$31879$aBritish Library$bNPL$cIRL$j75 [1879]
=852  41$31880$aBritish Library$bNPL$cIRL$j26 [1880]
=852  41$31881$aBritish Library$bNPL$cIRL$j17 [1881]
=852  41$31882$aBritish Library$bNPL$cIRL$j74 [1882]
=852  41$31883$aBritish Library$bNPL$cIRL$j36 [1883]
=852  41$31884$aBritish Library$bNPL$cIRL$j2 [1884]
=852  41$31885$aBritish Library$bNPL$cIRL$j59 [1885]
=852  41$31886$aBritish Library$bNPL$cIRL$j1 [1886]
=852  41$31888$aBritish Library$bNPL$cIRL$j28 [1888]
=852  41$31889$aBritish Library$bNPL$cIRL$j25 [1889]
=852  41$31890$aBritish Library$bNPL$cIRL$j26 [1890]
=852  41$31891$aBritish Library$bNPL$cIRL$j45 [1891]
=852  41$31892$aBritish Library$bNPL$cIRL$j72 [1892]
=852  41$31894$aBritish Library$bNPL$cIRL$j110 [1894]
=852  41$31895$aBritish Library$bNPL$cIRL$j1 [1895]
=852  41$31896$aBritish Library$bNPL$cIRL$j24 [1896]
=852  41$31925$aBritish Library$bNPL$cIRL$j81 [1925]
=852  41$31860$aBritish Library$bNPL$cIRL$j28 [1860]
=852  \\$aBritish Library$bNPL$cIRL
=852  \\$aBritish Library$bNPL$cIRL
=852  \\$aBritish Library$bNPL$cIRL
=852  \\$aBritish Library$bNPL$cIRL
=852  \\$aBritish Library$bNPL$cIRL
=852  \\$aBritish Library$bNPL$cIRL
=852  41$31851$aBritish Library$bNPL$cIRL$j29 [1851]
=852  41$31852$aBritish Library$bNPL$cIRL$j52 [1852]
=852  41$31853$aBritish Library$bNPL$cIRL$j29 [1853]
=852  41$31854$aBritish Library$bNPL$cIRL$j36 [1854]
=852  41$31855$aBritish Library$bNPL$cIRL$j58 [1855]
=852  41$31856$aBritish Library$bNPL$cIRL$j42 [1856]
=852  41$31857$aBritish Library$bNPL$cIRL$j49 [1857]
=852  41$31858$aBritish Library$bNPL$cIRL$j45 [1858]
=852  41$31859$aBritish Library$bNPL$cIRL$j61 [1859]
=852  41$31863$aBritish Library$bNPL$cIRL$j59 [1863]
=852  41$31861$aBritish Library$bNPL$cIRL$j29 [1861]
=852  41$31862$aBritish Library$bNPL$cIRL$j55 [1862]
=852  41$31864$aBritish Library$bNPL$cIRL$j54 [1864]
=852  41$31865$aBritish Library$bNPL$cIRL$j34 [1865]
=852  41$31866$aBritish Library$bNPL$cIRL$j40 [1866]
=852  41$31867$aBritish Library$bNPL$cIRL$j28 [1867]
=852  41$31868$aBritish Library$bNPL$cIRL$j11 [1868]
=852  41$31869$aBritish Library$bNPL$cIRL$j46 [1869]
=852  41$31870$aBritish Library$bNPL$cIRL$j19 [1870]
=852  41$31871$aBritish Library$bNPL$cIRL$j67 [1871]
=852  41$31872$aBritish Library$bNPL$cIRL$j66 [1872]
=852  41$31873$aBritish Library$bNPL$cIRL$j1 [1873]
=852  41$31879$aBritish Library$bNPL$cIRL$j68 [1879]
=852  41$31880$aBritish Library$bNPL$cIRL$j74 [1880]
=852  41$31881$aBritish Library$bNPL$cIRL$j13 [1881]
=852  41$31882$aBritish Library$bNPL$cIRL$j43 [1882]
=852  41$31883$aBritish Library$bNPL$cIRL$j59 [1883]
=852  41$31884$aBritish Library$bNPL$cIRL$j15 [1884]
=852  41$31886$aBritish Library$bNPL$cIRL$j47 [1886]
=852  41$31888$aBritish Library$bNPL$cIRL$j75 [1888]
=852  41$31889$aBritish Library$bNPL$cIRL$j51 [1889]
=852  41$31891$aBritish Library$bNPL$cIRL$j36 [1891]
=852  41$31890$aBritish Library$bNPL$cIRL$j36 [1890]
=852  41$31892$aBritish Library$bNPL$cIRL$j10 [1892]
=852  41$31893$aBritish Library$bNPL$cIRL$j16 [1893]
=852  41$31894$aBritish Library$bNPL$cIRL$j81 [1894]
=852  41$31895$aBritish Library$bNPL$cIRL$j18 [1895]
=852  41$31896$aBritish Library$bNPL$cIRL$j91 [1896]
=852  41$31879$aBritish Library$bNPL$cIRL$j28 [1879]
=852  41$31878$aBritish Library$bNPL$cIRL$j6 [1878]
=852  41$31880$aBritish Library$bNPL$cIRL$j41 [1880]
=852  41$31881$aBritish Library$bNPL$cIRL$j2 [1881]
=852  41$31882$aBritish Library$bNPL$cIRL$j40A [1882]
=852  41$31883$aBritish Library$bNPL$cIRL$j52 [1883]
=852  41$31884$aBritish Library$bNPL$cIRL$j20 [1884]
=852  41$31886$aBritish Library$bNPL$cIRL$j46 [1886]
=852  41$31887$aBritish Library$bNPL$cIRL$j16 [1887]
=852  41$31888$aBritish Library$bNPL$cIRL$j61 [1888]
=852  41$31889$aBritish Library$bNPL$cIRL$j48 [1889]
=852  41$31882$aBritish Library$bNPL$cIRL$j38A [1882]
=852  41$31881$aBritish Library$bNPL$cIRL$j67 [1881]
=852  41$31883$aBritish Library$bNPL$cIRL$j57 [1883]
=852  41$31884$aBritish Library$bNPL$cIRL$j20 [1884]
=852  41$31886$aBritish Library$bNPL$cIRL$j21A [1886]
=852  41$31887$aBritish Library$bNPL$cIRL$j13 [1887]
=852  41$31888$aBritish Library$bNPL$cIRL$j70 [1888]
=852  41$31889$aBritish Library$bNPL$cIRL$j45 [1889]
=852  41$31890$aBritish Library$bNPL$cIRL$j40 [1890]
=852  41$31891$aBritish Library$bNPL$cIRL$j33 [1891]
=852  41$31892$aBritish Library$bNPL$cIRL$j10 [1892]
=852  41$31893$aBritish Library$bNPL$cIRL$j10 [1893]
=852  41$31894$aBritish Library$bNPL$cIRL$j34 [1894]
=852  41$31895$aBritish Library$bNPL$cIRL$j70 [1895]
=852  41$31896$aBritish Library$bNPL$cIRL$j90 [1896]
=852  41$31878$aBritish Library$bNPL$cIRL$j43 [1878]$x26 Jan - 2 Feb, 16 only
=852  41$31925$aBritish Library$bNPL$cIRL$j113 [1925]$xJan - Oct
=852  41$31884$aBritish Library$bNPL$cIRL$j85 [1884]
=852  41$31885$aBritish Library$bNPL$cIRL$j92 [1885]
=852  41$31886$aBritish Library$bNPL$cIRL$j66 [1886]
=852  41$31887$aBritish Library$bNPL$cIRL$j19 [1887]
=852  41$31888$aBritish Library$bNPL$cIRL$j68 [1888]
=852  41$31889$aBritish Library$bNPL$cIRL$j63 [1889]
=852  41$31890$aBritish Library$bNPL$cIRL$j54 [1890]
=852  41$31891$aBritish Library$bNPL$cIRL$j59 [1891]
=852  41$31892$aBritish Library$bNPL$cIRL$j40 [1892]
=852  41$31893$aBritish Library$bNPL$cIRL$j24 [1893]
=852  41$31894$aBritish Library$bNPL$cIRL$j48 [1894]
=852  41$31895$aBritish Library$bNPL$cIRL$j131 [1895]
=852  41$31896$aBritish Library$bNPL$cIRL$j63 [1896]
=852  41$31878$aBritish Library$bNPL$cIRL$j43 [1878]$x26 Jan - 2 Feb, 16 only
=852  41$31925$aBritish Library$bNPL$cIRL$j113 [1925]$xJan - Oct
=852  41$31884$aBritish Library$bNPL$cIRL$j85 [1884]
=852  41$31885$aBritish Library$bNPL$cIRL$j92 [1885]
=852  41$31886$aBritish Library$bNPL$cIRL$j66 [1886]
=852  41$31887$aBritish Library$bNPL$cIRL$j19 [1887]
=852  41$31888$aBritish Library$bNPL$cIRL$j68 [1888]
=852  41$31889$aBritish Library$bNPL$cIRL$j63 [1889]
=852  41$31890$aBritish Library$bNPL$cIRL$j54 [1890]
=852  41$31891$aBritish Library$bNPL$cIRL$j59 [1891]
=852  41$31892$aBritish Library$bNPL$cIRL$j40 [1892]
=852  41$31893$aBritish Library$bNPL$cIRL$j24 [1893]
=852  41$31894$aBritish Library$bNPL$cIRL$j48 [1894]
=852  41$31895$aBritish Library$bNPL$cIRL$j131 [1895]
=852  41$31896$aBritish Library$bNPL$cIRL$j63 [1896]
=852  41$31882$aBritish Library$bNPL$cIRL$j38A [1882]
=852  41$31881$aBritish Library$bNPL$cIRL$j67 [1881]
=852  41$31883$aBritish Library$bNPL$cIRL$j57 [1883]
=852  41$31884$aBritish Library$bNPL$cIRL$j20 [1884]
=852  41$31886$aBritish Library$bNPL$cIRL$j21A [1886]
=852  41$31887$aBritish Library$bNPL$cIRL$j13 [1887]
=852  41$31888$aBritish Library$bNPL$cIRL$j70 [1888]
=852  41$31889$aBritish Library$bNPL$cIRL$j45 [1889]
=852  41$31890$aBritish Library$bNPL$cIRL$j40 [1890]
=852  41$31891$aBritish Library$bNPL$cIRL$j33 [1891]
=852  41$31892$aBritish Library$bNPL$cIRL$j10 [1892]
=852  41$31893$aBritish Library$bNPL$cIRL$j10 [1893]
=852  41$31894$aBritish Library$bNPL$cIRL$j34 [1894]
=852  41$31895$aBritish Library$bNPL$cIRL$j70 [1895]
=852  41$31896$aBritish Library$bNPL$cIRL$j90 [1896]
=852  41$31880, 1882. Wanting; Wanting$aBritish Library$bNPL$cIRL
=852  41$aBritish Library$bNPL$jNEWS shelfmarks - see explore.bl.uk for full holdings
=852  41$aBritish Library$bHMNTS$zMicroform.$jMFM shelfmarks - see explore.bl.uk for full holdings
=985  \\$aDisaggregated Record: NPL
=CAT  \\$aBATCH-NPL$b00$c20070912$lBLL01$h1129
=CAT  \\$aBATCH-856$b50$c20220207$lBLL01$h0756
=CAT  \\$aBATCH-UPD$b50$c20220207$lBLL01$h0807
=CAT  \\$aBATCH-856$b50$c20220214$lBLL01$h0937
=CAT  \\$aBATCH-UPD$b50$c20220214$lBLL01$h0950
=CAT  \\$aBATCH-856$b50$c20220301$lBLL01$h1510
=CAT  \\$aBATCH-UPD$b50$c20220301$lBLL01$h1519
=CAT  \\$aRESET-LEV$b50$c20220302$lBLL01$h0053
=CAT  \\$aRESET-LEV$b50$c20220402$lBLL01$h1725
=CAT  \\$aRESET-LEV$b50$c20220502$lBLL01$h0240
=CAT  \\$aRESET-LEV$b50$c20220602$lBLL01$h2124
=CAT  \\$aRESET-LEV$b50$c20220702$lBLL01$h1727
=CAT  \\$aRESET-LEV$b50$c20220802$lBLL01$h0351
=CAT  \\$aRESET-LEV$b50$c20220902$lBLL01$h2219
=CAT  \\$aRESET-LEV$b50$c20221003$lBLL01$h0412
=CAT  \\$aRESET-LEV$b50$c20221102$lBLL01$h0231
=CAT  \\$aRESET-LEV$b50$c20221202$lBLL01$h2222
=CAT  \\$aRESET-LEV$b50$c20230102$lBLL01$h0257
=CAT  \\$aRESET-LEV$b50$c20230202$lBLL01$h2125
=CAT  \\$aRESET-LEV$b50$c20230302$lBLL01$h2132
=CAT  \\$aRESET-LEV$b50$c20230403$lBLL01$h0239
=CAT  \\$aRESET-LEV$b50$c20230502$lBLL01$h0322
=CAT  \\$aRESET-LEV$b50$c20230602$lBLL01$h2224
=CAT  \\$aRESET-LEV$b50$c20230703$lBLL01$h0505
=CAT  \\$aRESET-LEV$b50$c20230802$lBLL01$h0207
=CAT  \\$aRESET-LEV$b50$c20230902$lBLL01$h1735
=CAT  \\$aRESET-LEV$b50$c20231002$lBLL01$h0439
=FIN  \\$aY
=LEO  \\$aMP35.0000102297
=LKR  \\$aPAR$lBLL01$r78500$nHerald and Western Advertiser -1 Oct. 1955-5 Oct. 1985$b013894588$mTuam Herald. - vol. 1, etc. (13 May 1837-29 Dec. 1855; 2 Feb. 1856-28 Feb., 9-23 May 1874; 4 July 1874-8, 22, 29 May, 5, 19 June 1875; 3 July 1875-9 June, 11 Aug., 1 Sept., 10 Nov. 1877; 8 Dec. 1883; 23 Feb. 1884-25 Dec. 1909; 1 Jan. 1910-8 Dec. 1923; 1 Jan. 1938-24 Sept. 1955)
=NID  \\$aNID0005438
=SRC  \\$aNPLv17$bbibmp35.20070831.aa
=TCO  \\$aZZZ$c008
=LAS  \\$aRESET-LEV$b50$c20231002$lBLL01$h0439

