=LDR  03530cas a2200745u  4500
=001  013895077
=003  Uk
=005  20220301151002.0
=008  950421d18691970|||wr|n|||\\\\0\\\||eng\\
=FMT  \\$a  SE
=019  n\$aNLC0002768
=040  \\$aUk$cUk
=082  04$a072.188$222
=245  04$aThe Tottenham and Edmonton Weekly Herald, Southgate Messenger, North Middlesex and West Essex Advertiser, etc.
=336  \\$atext$2rdacontent
=337  \\$aunmediated$2rdamedia
=338  \\$avolume$2rdacarrier
=651  \0$aHaringey (London, England)$vNewspapers.
=752  \\$aEngland$dLondon$fHaringey.$2blnpn
=785  00$tTottenham Weekly Herald$gno. 5712-6014 (1 Jan. 1971-3 Dec. 1976)$w013895078
=866  \0$aNewspapers :no. 418-432, 665-5711 (3 July-9 Oct. 1869; 25 April 1874-25 Dec. 1970)
=883  0\$aLanguage codes assigned by Bayesian analysis of words present in record$d20200826$qUk$c0.9919
=856  42$31869, 1874, 1877, 1879, 1889, 1891, 1899-1914$uhttp://www.britishnewspaperarchive.co.uk/search/results?TitleId=BL/0001716$yBritish Newspaper Archive
=852  41$31898$aBritish Library$bNPL$cEW$j1636 [1898]
=852  41$31875$aBritish Library$bNPL$cEW$j275 [1875]
=852  \\$aBritish Library$bNPL$cLON
=852  41$aBritish Library$bNPL$jNEWS shelfmarks - see explore.bl.uk for full holdings
=852  41$aBritish Library$bHMNTS$zMicroform.$jMFM shelfmarks - see explore.bl.uk for full holdings
=852  41$aBritish Library$bNPL$jPENN shelfmarks - see explore.bl.uk for full holdings
=985  \\$aDisaggregated Record: NPL
=985  \\$aUpgraded by BSS-generated file for WR2009-0365
=CAT  \\$aBATCH-NPL$b00$c20070912$lBLL01$h1129
=CAT  \\$aBATCH-856$b50$c20220207$lBLL01$h0756
=CAT  \\$aBATCH-UPD$b50$c20220207$lBLL01$h0807
=CAT  \\$aBATCH-856$b50$c20220214$lBLL01$h0937
=CAT  \\$aBATCH-UPD$b50$c20220214$lBLL01$h0950
=CAT  \\$aBATCH-856$b50$c20220301$lBLL01$h1510
=CAT  \\$aBATCH-UPD$b50$c20220301$lBLL01$h1520
=CAT  \\$aRESET-LEV$b50$c20220302$lBLL01$h0053
=CAT  \\$aRESET-LEV$b50$c20220402$lBLL01$h1725
=CAT  \\$aRESET-LEV$b50$c20220502$lBLL01$h0240
=CAT  \\$aRESET-LEV$b50$c20220602$lBLL01$h2124
=CAT  \\$aRESET-LEV$b50$c20220702$lBLL01$h1727
=CAT  \\$aRESET-LEV$b50$c20220802$lBLL01$h0351
=CAT  \\$aRESET-LEV$b50$c20220902$lBLL01$h2219
=CAT  \\$aRESET-LEV$b50$c20221003$lBLL01$h0412
=CAT  \\$aRESET-LEV$b50$c20221102$lBLL01$h0231
=CAT  \\$aRESET-LEV$b50$c20221202$lBLL01$h2223
=CAT  \\$aRESET-LEV$b50$c20230102$lBLL01$h0257
=CAT  \\$aRESET-LEV$b50$c20230202$lBLL01$h2125
=CAT  \\$aRESET-LEV$b50$c20230302$lBLL01$h2133
=CAT  \\$aRESET-LEV$b50$c20230403$lBLL01$h0239
=CAT  \\$aRESET-LEV$b50$c20230502$lBLL01$h0322
=CAT  \\$aRESET-LEV$b50$c20230602$lBLL01$h2224
=CAT  \\$aRESET-LEV$b50$c20230703$lBLL01$h0505
=CAT  \\$aRESET-LEV$b50$c20230802$lBLL01$h0207
=CAT  \\$aRESET-LEV$b50$c20230902$lBLL01$h1735
=CAT  \\$aRESET-LEV$b50$c20231002$lBLL01$h0439
=FIN  \\$aY
=LEO  \\$aMP35.0000102714
=LKR  \\$aPAR$lBLL01$r78500$nTottenham Weekly Herald - no. 5712-6014 (1 Jan. 1971-3 Dec. 1976)$b013895078$mThe Tottenham and Edmonton Weekly Herald, Southgate Messenger, North Middlesex and West Essex Advertiser, etc. - no. 418-432, 665-5711 (3 July-9 Oct. 1869; 25 April 1874-25 Dec. 1970)
=NID  \\$aNID0005846
=SRC  \\$aNPLv17$bbibmp35.20070831.aa
=TCO  \\$aZZZ$c008
=LAS  \\$aRESET-LEV$b50$c20231002$lBLL01$h0439

