=LDR  06014cas a22013217a 4500
=001  013895335
=003  Uk
=005  20220301151003.0
=008  950421d18431879enkwr\n\\\\\\\0\\\a0eng\\
=FMT  \\$a  SE
=019  n\$aNLC0002911
=040  \\$aUk$cUk$dUk
=082  04$a072.257$222
=245  04$aThe Sussex advertiser, Surrey gazette and West Kent courier.
=246  3\$aSussex advertiser$f1822-1904
=336  \\$atext$2rdacontent
=337  \\$aunmediated$2rdamedia
=338  \\$avolume$2rdacarrier
=651  \0$aEast Sussex (England)$vNewspapers.
=651  \0$aLewes (England)$vNewspapers.
=752  \\$aEngland$bEast Sussex$dLewes.$2blnpn
=780  00$tSussex advertiser
=785  00$tSussex advertiser$bMain ed
=866  \0$aNewspapers :No. 5031 ... (13 June 1843-16 Sept. 1879)$x.$zSome years contain "The people's ed." issues
=856  42$31843-1859, 1864-1867, 1877-1879$uhttp://www.britishnewspaperarchive.co.uk/search/results?TitleId=BL/0000257$yBritish Newspaper Archive
=852  41$31856$aBritish Library$bNPL$cEW$j16 [1856]
=852  41$31861$aBritish Library$bNPL$cEW$j1116 [1861]
=852  41$31856$aBritish Library$bNPL$cEW$j16 [1856]
=852  41$31861$aBritish Library$bNPL$cEW$j1116 [1861]
=852  41$31856$aBritish Library$bNPL$cEW$j16 [1856]
=852  41$31861$aBritish Library$bNPL$cEW$j1116 [1861]
=852  41$31856$aBritish Library$bNPL$cEW$j16 [1856]
=852  41$31861$aBritish Library$bNPL$cEW$j1116 [1861]
=852  41$31856$aBritish Library$bNPL$cEW$j16 [1856]
=852  41$31861$aBritish Library$bNPL$cEW$j1116 [1861]
=852  41$31856$aBritish Library$bNPL$cEW$j16 [1856]
=852  41$31861$aBritish Library$bNPL$cEW$j1116 [1861]
=852  41$31856$aBritish Library$bNPL$cEW$j16 [1856]
=852  41$31861$aBritish Library$bNPL$cEW$j1116 [1861]
=852  41$31856$aBritish Library$bNPL$cEW$j16 [1856]
=852  41$31861$aBritish Library$bNPL$cEW$j1116 [1861]
=852  41$31856$aBritish Library$bNPL$cEW$j16 [1856]
=852  41$31861$aBritish Library$bNPL$cEW$j1116 [1861]
=852  41$31856$aBritish Library$bNPL$cEW$j16 [1856]
=852  41$31861$aBritish Library$bNPL$cEW$j1116 [1861]
=852  41$31856$aBritish Library$bNPL$cEW$j16 [1856]
=852  41$31861$aBritish Library$bNPL$cEW$j1116 [1861]
=852  41$31856$aBritish Library$bNPL$cEW$j16 [1856]
=852  41$31861$aBritish Library$bNPL$cEW$j1116 [1861]
=852  41$31856$aBritish Library$bNPL$cEW$j16 [1856]
=852  41$31861$aBritish Library$bNPL$cEW$j1116 [1861]
=852  41$31856$aBritish Library$bNPL$cEW$j16 [1856]
=852  41$31861$aBritish Library$bNPL$cEW$j1116 [1861]
=852  41$31856$aBritish Library$bNPL$cEW$j16 [1856]
=852  41$31861$aBritish Library$bNPL$cEW$j1116 [1861]
=852  41$31856$aBritish Library$bNPL$cEW$j16 [1856]
=852  41$31861$aBritish Library$bNPL$cEW$j1116 [1861]
=852  41$31856$aBritish Library$bNPL$cEW$j16 [1856]
=852  41$31861$aBritish Library$bNPL$cEW$j1116 [1861]
=852  41$31856$aBritish Library$bNPL$cEW$j16 [1856]
=852  41$31861$aBritish Library$bNPL$cEW$j1116 [1861]
=852  41$31856$aBritish Library$bNPL$cEW$j16 [1856]
=852  41$31861$aBritish Library$bNPL$cEW$j1116 [1861]
=852  41$31856$aBritish Library$bNPL$cEW$j16 [1856]
=852  41$31861$aBritish Library$bNPL$cEW$j1116 [1861]
=852  41$31856$aBritish Library$bNPL$cEW$j16 [1856]
=852  41$31861$aBritish Library$bNPL$cEW$j1116 [1861]
=852  41$31856$aBritish Library$bNPL$cEW$j16 [1856]
=852  41$31861$aBritish Library$bNPL$cEW$j1116 [1861]
=852  \\$aBritish Library$bNPL$cEW
=852  41$31856$aBritish Library$bNPL$cEW$j16 [1856]
=852  41$31861$aBritish Library$bNPL$cEW$j1116 [1861]
=852  41$31856$aBritish Library$bNPL$cEW$j16 [1856]
=852  41$31861$aBritish Library$bNPL$cEW$j1116 [1861]
=852  41$31856$aBritish Library$bNPL$cEW$j16 [1856]
=852  41$31861$aBritish Library$bNPL$cEW$j1116 [1861]
=852  41$aBritish Library$bNPL$jNEWS shelfmarks - see explore.bl.uk for full holdings
=852  41$aBritish Library$bHMNTS$zMicroform.$jMFM shelfmarks - see explore.bl.uk for full holdings
=852  41$aBritish Library$bNPL$jPENN shelfmarks - see explore.bl.uk for full holdings
=CAT  \\$aBATCH-NPL$b00$c20070912$lBLL01$h1129
=CAT  \\$aBATCH-856$b50$c20220207$lBLL01$h0756
=CAT  \\$aBATCH-UPD$b50$c20220207$lBLL01$h0808
=CAT  \\$aBATCH-856$b50$c20220214$lBLL01$h0937
=CAT  \\$aBATCH-UPD$b50$c20220214$lBLL01$h0951
=CAT  \\$aBATCH-856$b50$c20220301$lBLL01$h1510
=CAT  \\$aBATCH-UPD$b50$c20220301$lBLL01$h1520
=CAT  \\$aRESET-LEV$b50$c20220302$lBLL01$h0053
=CAT  \\$aRESET-LEV$b50$c20220402$lBLL01$h1725
=CAT  \\$aRESET-LEV$b50$c20220502$lBLL01$h0240
=CAT  \\$aRESET-LEV$b50$c20220602$lBLL01$h2124
=CAT  \\$aRESET-LEV$b50$c20220702$lBLL01$h1727
=CAT  \\$aRESET-LEV$b50$c20220802$lBLL01$h0351
=CAT  \\$aRESET-LEV$b50$c20220902$lBLL01$h2219
=CAT  \\$aRESET-LEV$b50$c20221003$lBLL01$h0412
=CAT  \\$aRESET-LEV$b50$c20221102$lBLL01$h0231
=CAT  \\$aRESET-LEV$b50$c20221202$lBLL01$h2223
=CAT  \\$aRESET-LEV$b50$c20230102$lBLL01$h0258
=CAT  \\$aRESET-LEV$b50$c20230202$lBLL01$h2125
=CAT  \\$aRESET-LEV$b50$c20230302$lBLL01$h2133
=CAT  \\$aRESET-LEV$b50$c20230403$lBLL01$h0239
=CAT  \\$aRESET-LEV$b50$c20230502$lBLL01$h0322
=CAT  \\$aRESET-LEV$b50$c20230602$lBLL01$h2224
=CAT  \\$aRESET-LEV$b50$c20230703$lBLL01$h0505
=CAT  \\$aRESET-LEV$b50$c20230802$lBLL01$h0207
=CAT  \\$aRESET-LEV$b50$c20230902$lBLL01$h1735
=CAT  \\$aRESET-LEV$b50$c20231002$lBLL01$h0439
=FIN  \\$aY
=LEO  \\$aMP35.0000102851.3
=LKR  \\$aPAR$b013895336$lBLL01$r78500$nSussex advertiser (Main ed.)$mSussex advertiser, Surrey gazette and West Kent courier
=NID  \\$aNID0006038
=SRC  \\$aNPLv17$bbibmp35.20070831.aa
=TCO  \\$aZZZ$c008
=LAS  \\$aRESET-LEV$b50$c20231002$lBLL01$h0439

