=LDR  05227cas a2201069u  4500
=001  013896517
=003  Uk
=005  20220301151004.0
=008  950421d18571867|||wr|n|||\\\\0\\\||eng\\
=FMT  \\$a  SE
=019  n\$aNLC0004711
=040  \\$aUk$cUk
=082  04$a072.839$222
=245  00$aBeverley Recorder and General Advertiser.
=336  \\$atext$2rdacontent
=337  \\$aunmediated$2rdamedia
=338  \\$avolume$2rdacarrier
=651  \0$aBeverley (England)$vNewspapers.
=651  \0$aEast Riding of Yorkshire (England)$vNewspapers.
=651  \0$aHumberside (England)$vNewspapers.
=752  \\$aEngland$bHumberside$dBeverley.$2blnpn
=780  00$tBeverley Weekly Recorder, etc$gno.1-89 (7 July 1855-15 March 1857)$w013896516
=785  00$tBeverley Weekly Recorder and General Advertiser$gno.642-1569 (12 Oct.1867-29 Dec.1883)$w013896518
=866  \0$aNewspapers :no.90-641 (21 March 1857-5 Oct.1867)
=856  42$31857-1867$uhttp://www.britishnewspaperarchive.co.uk/search/results?TitleId=BL/0001563$yBritish Newspaper Archive
=852  41$31856-1985$aBritish Library$bNPL$jNEWS610
=852  41$31856-1985$aBritish Library$bNPL$jNEWS610
=852  41$31857$aBritish Library$bNPL$jNEWS3839
=852  41$31856-1985$aBritish Library$bNPL$jNEWS610
=852  41$31856-1985$aBritish Library$bNPL$jNEWS610
=852  41$31865-1891$aBritish Library$bNPL$jNEWS3609
=852  41$31873$aBritish Library$bHMNTS$zMicroform.$jMFM.M579 [1873]
=852  41$31876$aBritish Library$bHMNTS$zMicroform.$jMFM.M34494 [1876]
=852  41$31877$aBritish Library$bHMNTS$zMicroform.$jMFM.M32070 [1877]
=852  41$31879$aBritish Library$bHMNTS$zMicroform.$jMFM.M36659 [1879]
=852  41$31889$aBritish Library$bHMNTS$zMicroform.$jMFM.M17493 [1889]
=852  41$31860-1866$aBritish Library$bNPL$jNEWS3650
=852  41$31860$aBritish Library$bHMNTS$zMicroform.$jMFM.M26708 [1860]
=852  41$31861$aBritish Library$bHMNTS$zMicroform.$jMFM.M26708 [1861]
=852  41$31862$aBritish Library$bHMNTS$zMicroform.$jMFM.M26708 [1862]
=852  41$31863$aBritish Library$bHMNTS$zMicroform.$jMFM.M90167 [1863]
=852  41$31864$aBritish Library$bHMNTS$zMicroform.$jMFM.M90168 [1864]
=852  41$31865$aBritish Library$bHMNTS$z4 Jan-Dec 1865$zMicroform.$jMFM.M90169 [1865]
=852  41$31866$aBritish Library$bHMNTS$z1-24 Jan 1866$zMicroform.$jMFM.M90169 [1866]
=852  41$31857-1867$aBritish Library$bNPL$jNEWS4010
=852  41$31859$aBritish Library$bHMNTS$zMicroform.$jMFM.M23086 [1859]
=852  41$31860$aBritish Library$bHMNTS$zMicroform.$jMFM.M23086 [1860]
=852  \\$aBritish Library$bNPL$cEW
=852  41$31861$aBritish Library$bHMNTS$zMicroform.$jMFM.M90689 [1861]
=852  41$31862$aBritish Library$bHMNTS$zMicroform.$jMFM.M90690 [1862]
=852  41$31863$aBritish Library$bHMNTS$zMicroform.$jMFM.M90691 [1863]
=852  41$31864$aBritish Library$bHMNTS$zMicroform.$jMFM.M90692 [1864]
=852  41$31865$aBritish Library$bHMNTS$zMicroform.$jMFM.M90693 [1865]
=852  41$31866$aBritish Library$bHMNTS$zMicroform.$jMFM.M90694 [1866]
=852  41$31867$aBritish Library$bHMNTS$z5 Jan-5 Oct 1867$zMicroform.$jMFM.M90695 [1867]
=852  41$31857$aBritish Library$bHMNTS$zMicroform.$jMFM.M23085 [1857]
=852  41$31858$aBritish Library$bHMNTS$zMicroform.$jMFM.M23086 [1858]
=985  \\$aUpgraded by BSS-generated file for WR1910-0531
=CAT  \\$aBATCH-NPL$b00$c20070912$lBLL01$h1130
=CAT  \\$aBATCH-856$b50$c20220207$lBLL01$h0756
=CAT  \\$aBATCH-UPD$b50$c20220207$lBLL01$h0808
=CAT  \\$aBATCH-856$b50$c20220214$lBLL01$h0937
=CAT  \\$aBATCH-UPD$b50$c20220214$lBLL01$h0951
=CAT  \\$aBATCH-856$b50$c20220301$lBLL01$h1510
=CAT  \\$aBATCH-UPD$b50$c20220301$lBLL01$h1520
=CAT  \\$aRESET-LEV$b50$c20220302$lBLL01$h0054
=CAT  \\$aRESET-LEV$b50$c20220402$lBLL01$h1726
=CAT  \\$aRESET-LEV$b50$c20220502$lBLL01$h0240
=CAT  \\$aRESET-LEV$b50$c20220602$lBLL01$h2124
=CAT  \\$aRESET-LEV$b50$c20220702$lBLL01$h1727
=CAT  \\$aRESET-LEV$b50$c20220802$lBLL01$h0351
=CAT  \\$aRESET-LEV$b50$c20220902$lBLL01$h2219
=CAT  \\$aRESET-LEV$b50$c20221003$lBLL01$h0412
=CAT  \\$aRESET-LEV$b50$c20221102$lBLL01$h0231
=CAT  \\$aRESET-LEV$b50$c20221202$lBLL01$h2223
=CAT  \\$aRESET-LEV$b50$c20230102$lBLL01$h0258
=CAT  \\$aRESET-LEV$b50$c20230202$lBLL01$h2125
=CAT  \\$aRESET-LEV$b50$c20230302$lBLL01$h2133
=CAT  \\$aRESET-LEV$b50$c20230403$lBLL01$h0239
=CAT  \\$aRESET-LEV$b50$c20230502$lBLL01$h0322
=CAT  \\$aRESET-LEV$b50$c20230602$lBLL01$h2224
=CAT  \\$aRESET-LEV$b50$c20230703$lBLL01$h0506
=CAT  \\$aRESET-LEV$b50$c20230802$lBLL01$h0207
=CAT  \\$aRESET-LEV$b50$c20230902$lBLL01$h1736
=CAT  \\$aRESET-LEV$b50$c20231002$lBLL01$h0440
=FIN  \\$aY
=LEO  \\$aMP35.0000104604.1
=LKR  \\$aPAR$lBLL01$r78500$nBeverley Weekly Recorder and General Advertiser - no.642-1569 (12 Oct.1867-29 Dec.1883)$b013896518$mBeverley Recorder and General Advertiser. - no.90-641 (21 March 1857-5 Oct.1867)
=NID  \\$aNID0007055
=SRC  \\$aNPLv17$bbibmp35.20070831.aa
=TCO  \\$aZZZ$c008
=LAS  \\$aRESET-LEV$b50$c20231002$lBLL01$h0440

