=LDR  04656cas a2200997u  4500
=001  013897610
=003  Uk
=005  20220301151005.0
=008  950421d18371841|||wr|n|||\\\\0\\\||eng\\
=FMT  \\$a  SE
=019  n\$aNLC0005660
=040  \\$aUk$cUk
=082  04$a072.812$222
=245  04$aThe Halifax Express; and Huddersfield, Bradford, and Wakefield Journal.
=336  \\$atext$2rdacontent
=337  \\$aunmediated$2rdamedia
=338  \\$avolume$2rdacarrier
=500  \\$aDiscontinued.
=651  \0$aHalifax (England)$vNewspapers.
=651  \0$aWest Yorkshire (England)$vNewspapers.
=752  \\$aEngland$bWest Yorkshire$dHalifax.$2blnpn
=780  00$tHalifax and Huddersfield Express, and Weekly Advertiser$gno.1-310 (12 Feb.1831-28 Dec.1836)$w013897609
=866  \0$aNewspapers :no.311-527 (4 Jan.1837-27 Feb.1841)
=883  0\$aLanguage codes assigned by Bayesian analysis of words present in record$d20200826$qUk$c0.9919
=856  42$31837-1841$uhttp://www.britishnewspaperarchive.co.uk/search/results?TitleId=BL/0002873$yBritish Newspaper Archive
=852  41$31834-1901$aBritish Library$bNPL$jNEWS4391
=852  41$31891$aBritish Library$bHMNTS$zMicroform.$jMFM.M22089-91
=852  41$31896$aBritish Library$bNPL$cEW$j491-3 [1896]
=852  41$31850$aBritish Library$bHMNTS$zMicroform.$jMFM.M6748 [1850]
=852  41$31851$aBritish Library$bHMNTS$zMicroform.$jMFM.M4331 [1851]
=852  41$31854$aBritish Library$bHMNTS$zMicroform.$jMFM.M21216 [1854]
=852  41$31856$aBritish Library$bHMNTS$zMicroform.$jMFM.M26735 [1856]
=852  41$31862$aBritish Library$bHMNTS$zMicroform.$jMFM.M26736 [1862]
=852  41$31864$aBritish Library$bHMNTS$zMicroform.$jMFM.M26737 [1864]
=852  41$31866$aBritish Library$bHMNTS$zMicroform.$jMFM.M26738 [1866]
=852  41$31871$aBritish Library$bHMNTS$zMicroform.$jMFM.M6090 [1871]
=852  41$31871$aBritish Library$bHMNTS$zMicroform.$jMFM.M6089 [1871]
=852  41$31897$aBritish Library$bHMNTS$zOct - Dec$zMicroform.$jMFM.M2865 [1897]
=852  41$31897$aBritish Library$bHMNTS$zJul - Sep$zMicroform.$jMFM.M1498 [1897]
=852  41$31901$aBritish Library$bHMNTS$zSep - Nov$zMicroform.$jMFM.M1264 [1901]
=852  41$31872$aBritish Library$bHMNTS$zMicroform.$jMFM.M574-5
=852  41$31877$aBritish Library$bHMNTS$zMicroform.$jMFM.M26739-42
=852  41$31879$aBritish Library$bHMNTS$zMicroform.$jMFM.M26743-6
=852  41$31889$aBritish Library$bHMNTS$zMicroform.$jMFM.M18182-5
=852  41$31896$aBritish Library$bHMNTS$zMicroform.$jMFM.M6091-4
=852  41$31900$aBritish Library$bHMNTS$zSep - Dec$zMicroform.$jMFM.M1250-1
=852  41$31836-1841$aBritish Library$bNPL$jNEWS5022
=852  41$31837-1841$aBritish Library$bNPL$jNEWS4748
=852  \\$aBritish Library$bNPL$cEW
=852  41$31841$aBritish Library$bHMNTS$zMicroform.$jMFM.M30783 [1841]
=852  41$31838$aBritish Library$bHMNTS$zMicroform.$jMFM.M30784 [1838]
=985  \\$aDisaggregated Record: NPL
=985  \\$aUpgraded by BSS-generated file for WR2009-0365
=CAT  \\$aBATCH-NPL$b00$c20070912$lBLL01$h1131
=CAT  \\$aBATCH-856$b50$c20220207$lBLL01$h0756
=CAT  \\$aBATCH-UPD$b50$c20220207$lBLL01$h0809
=CAT  \\$aBATCH-856$b50$c20220214$lBLL01$h0937
=CAT  \\$aBATCH-UPD$b50$c20220214$lBLL01$h0952
=CAT  \\$aBATCH-856$b50$c20220301$lBLL01$h1510
=CAT  \\$aBATCH-UPD$b50$c20220301$lBLL01$h1521
=CAT  \\$aRESET-LEV$b50$c20220302$lBLL01$h0054
=CAT  \\$aRESET-LEV$b50$c20220402$lBLL01$h1726
=CAT  \\$aRESET-LEV$b50$c20220502$lBLL01$h0240
=CAT  \\$aRESET-LEV$b50$c20220602$lBLL01$h2124
=CAT  \\$aRESET-LEV$b50$c20220702$lBLL01$h1727
=CAT  \\$aRESET-LEV$b50$c20220802$lBLL01$h0352
=CAT  \\$aRESET-LEV$b50$c20220902$lBLL01$h2220
=CAT  \\$aRESET-LEV$b50$c20221003$lBLL01$h0412
=CAT  \\$aRESET-LEV$b50$c20221102$lBLL01$h0232
=CAT  \\$aRESET-LEV$b50$c20221202$lBLL01$h2223
=CAT  \\$aRESET-LEV$b50$c20230102$lBLL01$h0258
=CAT  \\$aRESET-LEV$b50$c20230202$lBLL01$h2125
=CAT  \\$aRESET-LEV$b50$c20230302$lBLL01$h2133
=CAT  \\$aRESET-LEV$b50$c20230403$lBLL01$h0239
=CAT  \\$aRESET-LEV$b50$c20230502$lBLL01$h0323
=CAT  \\$aRESET-LEV$b50$c20230602$lBLL01$h2224
=CAT  \\$aRESET-LEV$b50$c20230703$lBLL01$h0506
=CAT  \\$aRESET-LEV$b50$c20230802$lBLL01$h0208
=CAT  \\$aRESET-LEV$b50$c20230902$lBLL01$h1736
=CAT  \\$aRESET-LEV$b50$c20231002$lBLL01$h0440
=FIN  \\$aY
=LEO  \\$aMP35.0000105541.1
=NID  \\$aNID0008007
=SRC  \\$aNPLv17$bbibmp35.20070831.aa
=TCO  \\$aZZZ$c008
=LAS  \\$aRESET-LEV$b50$c20231002$lBLL01$h0440

