=LDR  09107cas a2201705u  4500
=001  013897619
=003  Uk
=005  20220301151005.0
=008  950421d18321847||||||n|||\\\\0\\\||eng\\
=FMT  \\$a  SE
=019  n\$aNLC0005665
=040  \\$aUk$cUk
=082  04$a072.812$222
=245  04$aThe Halifax Guardian and Huddersfield and Bradford Advertiser.
=336  \\$atext$2rdacontent
=337  \\$aunmediated$2rdamedia
=338  \\$avolume$2rdacarrier
=651  \0$aHalifax (England)$vNewspapers.
=651  \0$aWest Yorkshire (England)$vNewspapers.
=752  \\$aEngland$bWest Yorkshire$dHalifax.$2blnpn
=785  00$tHalifax Guardian$gno.738-4276 (23 Jan.1847-30 April 1921)$w013897620
=866  \0$aNewspapers :no.1-737 (1 Dec.1832-16 Jan.1847)
=883  0\$aLanguage codes assigned by Bayesian analysis of words present in record$d20200826$qUk$c0.9919
=856  42$31843-1844, 1847$uhttp://www.britishnewspaperarchive.co.uk/search/results?TitleId=BL/0002874$yBritish Newspaper Archive
=852  41$31847-1921$aBritish Library$bNPL$jNEWS4756
=852  41$31868$aBritish Library$bHMNTS$zMicroform.$jMFM.M37883 [1868]
=852  41$31869$aBritish Library$bHMNTS$zMicroform.$jMFM.M34139 [1869]
=852  41$31877$aBritish Library$bHMNTS$zMicroform.$jMFM.M23007 [1877]
=852  41$31884$aBritish Library$bHMNTS$zMicroform.$jMFM.M40174 [1884]
=852  41$31889$aBritish Library$bHMNTS$zMicroform.$jMFM.M17915 [1889]
=852  41$31894$aBritish Library$bHMNTS$zMicroform.$jMFM.M39312 [1894]
=852  41$31912$aBritish Library$bHMNTS$zMicroform.$jMFM.M3412 [1912]
=852  41$31834-1901$aBritish Library$bNPL$jNEWS4391
=852  41$31891$aBritish Library$bHMNTS$zMicroform.$jMFM.M22089-91
=852  41$31896$aBritish Library$bNPL$cEW$j491-3 [1896]
=852  41$31850$aBritish Library$bHMNTS$zMicroform.$jMFM.M6748 [1850]
=852  41$31851$aBritish Library$bHMNTS$zMicroform.$jMFM.M4331 [1851]
=852  41$31854$aBritish Library$bHMNTS$zMicroform.$jMFM.M21216 [1854]
=852  41$31856$aBritish Library$bHMNTS$zMicroform.$jMFM.M26735 [1856]
=852  41$31862$aBritish Library$bHMNTS$zMicroform.$jMFM.M26736 [1862]
=852  41$31864$aBritish Library$bHMNTS$zMicroform.$jMFM.M26737 [1864]
=852  41$31866$aBritish Library$bHMNTS$zMicroform.$jMFM.M26738 [1866]
=852  41$31871$aBritish Library$bHMNTS$zMicroform.$jMFM.M6090 [1871]
=852  41$31871$aBritish Library$bHMNTS$zMicroform.$jMFM.M6089 [1871]
=852  41$31897$aBritish Library$bHMNTS$zOct - Dec$zMicroform.$jMFM.M2865 [1897]
=852  41$31897$aBritish Library$bHMNTS$zJul - Sep$zMicroform.$jMFM.M1498 [1897]
=852  41$31901$aBritish Library$bHMNTS$zSep - Nov$zMicroform.$jMFM.M1264 [1901]
=852  41$31872$aBritish Library$bHMNTS$zMicroform.$jMFM.M574-5
=852  41$31877$aBritish Library$bHMNTS$zMicroform.$jMFM.M26739-42
=852  41$31879$aBritish Library$bHMNTS$zMicroform.$jMFM.M26743-6
=852  41$31889$aBritish Library$bHMNTS$zMicroform.$jMFM.M18182-5
=852  41$31896$aBritish Library$bHMNTS$zMicroform.$jMFM.M6091-4
=852  41$31900$aBritish Library$bHMNTS$zSep - Dec$zMicroform.$jMFM.M1250-1
=852  41$31834-1901$aBritish Library$bNPL$jNEWS4391
=852  41$31891$aBritish Library$bHMNTS$zMicroform.$jMFM.M22089-91
=852  41$31896$aBritish Library$bNPL$cEW$j491-3 [1896]
=852  41$31850$aBritish Library$bHMNTS$zMicroform.$jMFM.M6748 [1850]
=852  41$31851$aBritish Library$bHMNTS$zMicroform.$jMFM.M4331 [1851]
=852  41$31854$aBritish Library$bHMNTS$zMicroform.$jMFM.M21216 [1854]
=852  41$31856$aBritish Library$bHMNTS$zMicroform.$jMFM.M26735 [1856]
=852  41$31862$aBritish Library$bHMNTS$zMicroform.$jMFM.M26736 [1862]
=852  41$31864$aBritish Library$bHMNTS$zMicroform.$jMFM.M26737 [1864]
=852  41$31866$aBritish Library$bHMNTS$zMicroform.$jMFM.M26738 [1866]
=852  41$31871$aBritish Library$bHMNTS$zMicroform.$jMFM.M6090 [1871]
=852  41$31871$aBritish Library$bHMNTS$zMicroform.$jMFM.M6089 [1871]
=852  41$31897$aBritish Library$bHMNTS$zOct - Dec$zMicroform.$jMFM.M2865 [1897]
=852  41$31897$aBritish Library$bHMNTS$zJul - Sep$zMicroform.$jMFM.M1498 [1897]
=852  41$31901$aBritish Library$bHMNTS$zSep - Nov$zMicroform.$jMFM.M1264 [1901]
=852  41$31872$aBritish Library$bHMNTS$zMicroform.$jMFM.M574-5
=852  41$31877$aBritish Library$bHMNTS$zMicroform.$jMFM.M26739-42
=852  41$31879$aBritish Library$bHMNTS$zMicroform.$jMFM.M26743-6
=852  41$31889$aBritish Library$bHMNTS$zMicroform.$jMFM.M18182-5
=852  41$31896$aBritish Library$bHMNTS$zMicroform.$jMFM.M6091-4
=852  41$31900$aBritish Library$bHMNTS$zSep - Dec$zMicroform.$jMFM.M1250-1
=852  41$31838-1861$aBritish Library$bNPL$jNEWS4995
=852  41$31838$aBritish Library$bHMNTS$zMicroform.$jMFM.M58191 [1838]
=852  41$31840$aBritish Library$bHMNTS$zMicroform.$jMFM.M58192 [1840]
=852  41$31841$aBritish Library$bHMNTS$zMicroform.$jMFM.M58192 [1841]
=852  41$31842-1843$aBritish Library$bHMNTS$zMicroform.$jMFM.M58193 [1842-1843]
=852  41$31847$aBritish Library$bHMNTS$zMicroform.$jMFM.M23225 [1847]
=852  41$31852$aBritish Library$bHMNTS$zMicroform.$jMFM.M58196 [1852]
=852  41$31851$aBritish Library$bHMNTS$zMicroform.$jMFM.M58195 [1851]
=852  41$31853$aBritish Library$bHMNTS$zMicroform.$jMFM.M58197 [1853]
=852  41$31854$aBritish Library$bHMNTS$zMicroform.$jMFM.M58199 [1854]
=852  41$31854$aBritish Library$bHMNTS$zMicroform.$jMFM.M58198 [1854]
=852  41$31855$aBritish Library$bHMNTS$zMicroform.$jMFM.M58200 [1855]
=852  41$31856$aBritish Library$bHMNTS$zMicroform.$jMFM.M58201 [1856]
=852  41$31857$aBritish Library$bHMNTS$zMicroform.$jMFM.M58202 [1857]
=852  41$31839$aBritish Library$bHMNTS$zMicroform.$jMFM.M58191 [1839]
=852  41$31850$aBritish Library$bHMNTS$zMicroform.$jMFM.M58194 [1850]
=852  41$31859$aBritish Library$bHMNTS$zMicroform.$jMFM.M58204 [1859]
=852  41$31858$aBritish Library$bHMNTS$zMicroform.$jMFM.M58203 [1858]
=852  41$31861$aBritish Library$bHMNTS$zMicroform.$jMFM.M58206 [1861]
=852  41$31860$aBritish Library$bHMNTS$zMicroform.$jMFM.M58205 [1860]
=852  41$31837-1841$aBritish Library$bNPL$jNEWS4748
=852  \\$aBritish Library$bNPL$cEW
=852  41$31841$aBritish Library$bHMNTS$zMicroform.$jMFM.M30783 [1841]
=852  41$31838$aBritish Library$bHMNTS$zMicroform.$jMFM.M30784 [1838]
=852  41$31837-1841$aBritish Library$bNPL$jNEWS4748
=852  \\$aBritish Library$bNPL$cEW
=852  41$31841$aBritish Library$bHMNTS$zMicroform.$jMFM.M30783 [1841]
=852  41$31838$aBritish Library$bHMNTS$zMicroform.$jMFM.M30784 [1838]
=852  41$31831-1836$aBritish Library$bNPL$jNEWS4747
=852  41$31834$aBritish Library$bHMNTS$zMicroform.$jMFM.M30782 [1834]
=852  41$31831-1836$aBritish Library$bNPL$jNEWS4747
=852  41$31834$aBritish Library$bHMNTS$zMicroform.$jMFM.M30782 [1834]
=852  41$31836-1841$aBritish Library$bNPL$jNEWS5022
=852  41$31832-1847$aBritish Library$bNPL$jNEWS4755
=852  41$31844$aBritish Library$bHMNTS$zMicroform.$jMFM.M39045 [1844]
=985  \\$aDisaggregated Record: NPL
=985  \\$aUpgraded by BSS-generated file for WR2009-0365
=CAT  \\$aBATCH-NPL$b00$c20070912$lBLL01$h1131
=CAT  \\$aBATCH-856$b50$c20220207$lBLL01$h0756
=CAT  \\$aBATCH-UPD$b50$c20220207$lBLL01$h0809
=CAT  \\$aBATCH-856$b50$c20220214$lBLL01$h0937
=CAT  \\$aBATCH-UPD$b50$c20220214$lBLL01$h0952
=CAT  \\$aBATCH-856$b50$c20220301$lBLL01$h1510
=CAT  \\$aBATCH-UPD$b50$c20220301$lBLL01$h1521
=CAT  \\$aRESET-LEV$b50$c20220302$lBLL01$h0054
=CAT  \\$aRESET-LEV$b50$c20220402$lBLL01$h1726
=CAT  \\$aRESET-LEV$b50$c20220502$lBLL01$h0240
=CAT  \\$aRESET-LEV$b50$c20220602$lBLL01$h2124
=CAT  \\$aRESET-LEV$b50$c20220702$lBLL01$h1727
=CAT  \\$aRESET-LEV$b50$c20220802$lBLL01$h0352
=CAT  \\$aRESET-LEV$b50$c20220902$lBLL01$h2220
=CAT  \\$aRESET-LEV$b50$c20221003$lBLL01$h0412
=CAT  \\$aRESET-LEV$b50$c20221102$lBLL01$h0232
=CAT  \\$aRESET-LEV$b50$c20221202$lBLL01$h2223
=CAT  \\$aRESET-LEV$b50$c20230102$lBLL01$h0258
=CAT  \\$aRESET-LEV$b50$c20230202$lBLL01$h2125
=CAT  \\$aRESET-LEV$b50$c20230302$lBLL01$h2133
=CAT  \\$aRESET-LEV$b50$c20230403$lBLL01$h0239
=CAT  \\$aRESET-LEV$b50$c20230502$lBLL01$h0323
=CAT  \\$aRESET-LEV$b50$c20230602$lBLL01$h2224
=CAT  \\$aRESET-LEV$b50$c20230703$lBLL01$h0506
=CAT  \\$aRESET-LEV$b50$c20230802$lBLL01$h0208
=CAT  \\$aRESET-LEV$b50$c20230902$lBLL01$h1736
=CAT  \\$aRESET-LEV$b50$c20231002$lBLL01$h0440
=FIN  \\$aY
=LEO  \\$aMP35.0000105546
=LKR  \\$aPAR$lBLL01$r78500$nHalifax Guardian - no.738-4276 (23 Jan.1847-30 April 1921)$b013897620$mThe Halifax Guardian and Huddersfield and Bradford Advertiser. - no.1-737 (1 Dec.1832-16 Jan.1847)
=NID  \\$aNID0008016
=SRC  \\$aNPLv17$bbibmp35.20070831.aa
=TCO  \\$aZZZ$c008
=LAS  \\$aRESET-LEV$b50$c20231002$lBLL01$h0440

