=LDR  03624cas a2200841u  4500
=001  013900122
=003  Uk
=005  20220301151008.0
=008  950421d18461969||||||n|||\\\\0\\\||eng\\
=FMT  \\$a  SE
=019  n\$aNLC0007878
=040  \\$aUk$cUk
=082  04$a072.527$222
=245  04$aThe Nottinghamshire Guardian, and Midland Counties Advertiser.
=336  \\$atext$2rdacontent
=337  \\$aunmediated$2rdamedia
=338  \\$avolume$2rdacarrier
=500  \\$aWanting 1897,Jan.-Feb.1910,1911
=500  \\$aMicrofilm: 1872.
=651  \0$aNottingham (England)$vNewspapers.
=651  \0$aNottinghamshire (England)$vNewspapers.
=752  \\$aEngland$bNottinghamshire$dNottingham.$2blnpn
=866  \0$aNewspapers :no.1-6499 (1 May 1846-6 Dec.1969)
=883  0\$aLanguage codes assigned by Bayesian analysis of words present in record$d20200826$qUk$c0.9919
=856  42$31846-1847, 1849-1871, 1873-1887, 1889, 1892-1896, 1898-1900$uhttp://www.britishnewspaperarchive.co.uk/search/results?TitleId=BL/0000176$yBritish Newspaper Archive
=852  41$31899$aBritish Library$bNPL$cEW$j833 [1899]
=852  41$31871$aBritish Library$bNPL$cEW$j365 [1871]
=852  41$aBritish Library$bHMNTS$jPP.2500.DAB
=852  41$aBritish Library$bHMNTS$j1888.c.12(45)
=852  41$aBritish Library$bHMNTS$jBurney.Add.90
=852  41$aBritish Library$bHMNTS$jBurney.Add.135.(28)
=852  \\$aBritish Library$bNPL$cEW
=852  41$31897$aBritish Library$bNPL$cEW$j27 [1897]$xJul - Dec
=852  41$aBritish Library$bHMNTS$j1888.c.12(45)
=852  41$aBritish Library$bHMNTS$jBurney.Add.90
=852  41$aBritish Library$bHMNTS$jBurney.Add.135.(28)
=852  41$aBritish Library$bNPL$jNEWS shelfmarks - see explore.bl.uk for full holdings
=852  41$aBritish Library$bHMNTS$zMicroform.$jMFM shelfmarks - see explore.bl.uk for full holdings
=852  41$aBritish Library$bNPL$jPENN shelfmarks - see explore.bl.uk for full holdings
=985  \\$aUpgraded by BSS-generated file for WR2009-0365
=CAT  \\$aBATCH-NPL$b00$c20070912$lBLL01$h1134
=CAT  \\$aBATCH-856$b50$c20220207$lBLL01$h0756
=CAT  \\$aBATCH-UPD$b50$c20220207$lBLL01$h0811
=CAT  \\$aBATCH-856$b50$c20220214$lBLL01$h0937
=CAT  \\$aBATCH-UPD$b50$c20220214$lBLL01$h0954
=CAT  \\$aBATCH-856$b50$c20220301$lBLL01$h1510
=CAT  \\$aBATCH-UPD$b50$c20220301$lBLL01$h1523
=CAT  \\$aRESET-LEV$b50$c20220302$lBLL01$h0054
=CAT  \\$aRESET-LEV$b50$c20220402$lBLL01$h1726
=CAT  \\$aRESET-LEV$b50$c20220502$lBLL01$h0241
=CAT  \\$aRESET-LEV$b50$c20220602$lBLL01$h2125
=CAT  \\$aRESET-LEV$b50$c20220702$lBLL01$h1728
=CAT  \\$aRESET-LEV$b50$c20220802$lBLL01$h0352
=CAT  \\$aRESET-LEV$b50$c20220902$lBLL01$h2220
=CAT  \\$aRESET-LEV$b50$c20221003$lBLL01$h0413
=CAT  \\$aRESET-LEV$b50$c20221102$lBLL01$h0232
=CAT  \\$aRESET-LEV$b50$c20221202$lBLL01$h2224
=CAT  \\$aRESET-LEV$b50$c20230102$lBLL01$h0259
=CAT  \\$aRESET-LEV$b50$c20230202$lBLL01$h2126
=CAT  \\$aRESET-LEV$b50$c20230302$lBLL01$h2134
=CAT  \\$aRESET-LEV$b50$c20230403$lBLL01$h0240
=CAT  \\$aRESET-LEV$b50$c20230502$lBLL01$h0323
=CAT  \\$aRESET-LEV$b50$c20230602$lBLL01$h2225
=CAT  \\$aRESET-LEV$b50$c20230703$lBLL01$h0507
=CAT  \\$aRESET-LEV$b50$c20230802$lBLL01$h0208
=CAT  \\$aRESET-LEV$b50$c20230902$lBLL01$h1738
=CAT  \\$aRESET-LEV$b50$c20231002$lBLL01$h0442
=FIN  \\$aY
=LEO  \\$aMP35.0000107731
=NID  \\$aNID0010067
=SRC  \\$aNPLv17$bbibmp35.20070831.aa
=TCO  \\$aZZZ$c008
=LAS  \\$aRESET-LEV$b50$c20231002$lBLL01$h0442

