=LDR  03525cas a2200757u  4500
=001  013900156
=003  Uk
=005  20220301151008.0
=008  950421d18681904||||||n|||\\\\0\\\||eng\\
=FMT  \\$a  SE
=019  n\$aNLC0007904
=040  \\$aUk$cUk
=082  04$a072.483$222
=245  04$aThe Nuneaton Chronicle, and Tamworth, Atherstone, Hinckley and Bedworth Gazette.
=336  \\$atext$2rdacontent
=337  \\$aunmediated$2rdamedia
=338  \\$avolume$2rdacarrier
=500  \\$aMicrofilm: 1887-88;1897;1911-12.
=651  \0$aNuneaton (England)$vNewspapers.
=651  \0$aWarwickshire (England)$vNewspapers.
=752  \\$aEngland$bWarwickshire$dNuneaton.$2blnpn
=785  00$tNuneaton Chronicle$gno.1887-4241 (9 Sept.1904-30 Sept.1921)$w013900157
=866  \0$aNewspapers :no.1-1886 (6 June 1868-2 Sept.1904)
=883  0\$aLanguage codes assigned by Bayesian analysis of words present in record$d20200826$qUk$c0.9919
=856  42$31873-1900$uhttp://www.britishnewspaperarchive.co.uk/search/results?TitleId=BL/0004157$yBritish Newspaper Archive
=852  41$31865-1866$aBritish Library$bNPL$cEW$jShelfmarks held at Newspaper Reading Room issue Desk, Colindale$xBetween 26 Nov. 1864 + 19 Oct. 1867 As An Adverhing Sheet$xBetween 26 Nov. 1864 + 19 Oct. .1867 As An Adverhing Sheet
=852  \\$aBritish Library$bNPL$cEW
=852  41$31897$aBritish Library$bNPL$cEW$j260 [1897]
=852  41$31871$aBritish Library$bNPL$cEW$j365 [1871]
=852  41$31872$aBritish Library$bNPL$cEW$j548 [1872]
=852  41$aBritish Library$bNPL$jNEWS shelfmarks - see explore.bl.uk for full holdings
=852  41$aBritish Library$bHMNTS$zMicroform.$jMFM shelfmarks - see explore.bl.uk for full holdings
=852  41$aBritish Library$bNPL$jPENN shelfmarks - see explore.bl.uk for full holdings
=985  \\$aDisaggregated Record: NPL
=985  \\$aUpgraded by BSS-generated file for WR2009-0365
=CAT  \\$aBATCH-NPL$b00$c20070912$lBLL01$h1134
=CAT  \\$aBATCH-LINK$b00$c20070915$lBLL01$h0512
=CAT  \\$aBATCH-LINK$b00$c20070915$lBLL01$h0521
=CAT  \\$aBATCH$b00$c20070916$lBLL01$h1753
=CAT  \\$aB-BSS-DEL$b00$c20080331$lBLL01$h1541
=CAT  \\$aNPL-008-N$c20110504$lBLL01$h2213
=CAT  \\$aADD-NID$b00$c20110805$lBLL01$h1427
=CAT  \\$aWR11_021$c20111124$lBLL01$h1525
=CAT  \\$aWR11_021$c20111124$lBLL01$h1532
=CAT  \\$aNPL-LOCK$b77$c20140207$lBLL01$h2158
=CAT  \\$c20140214$lBLL01$h1741
=CAT  \\$aNSB-MIG$b50$c20140215$lBLL01$h0146
=CAT  \\$aNSB-MIG$b50$c20140215$lBLL01$h0151
=CAT  \\$aNSB-MIG$b50$c20140215$lBLL01$h0152
=CAT  \\$aNSB-MIG$b50$c20140215$lBLL01$h0153
=CAT  \\$aNSB-MIG$b50$c20140215$lBLL01$h0154
=CAT  \\$aNSB-MIG$b50$c20140215$lBLL01$h0155
=CAT  \\$aNSB-MIG$b50$c20140215$lBLL01$h0157
=CAT  \\$aRESET-LEV$b50$c20140302$lBLL01$h2344
=CAT  \\$c20140411$lBLL01$h1326
=CAT  \\$aW2009-0365$b00$c20201017$lBLL01$h0931
=CAT  \\$aRESET-LEV$b50$c20201017$lBLL01$h1748
=CAT  \\$aBATCH-856$b50$c20220301$lBLL01$h1510
=CAT  \\$aBATCH-UPD$b50$c20220301$lBLL01$h1523
=FIN  \\$aY
=LEO  \\$aMP35.0000107756
=LKR  \\$aPAR$lBLL01$r78500$nNuneaton Chronicle - no.1887-4241 (9 Sept.1904-30 Sept.1921)$b013900157$mThe Nuneaton Chronicle, and Tamworth, Atherstone, Hinckley and Bedworth Gazette. - no.1-1886 (6 June 1868-2 Sept.1904)
=NID  \\$aNID0010098
=SRC  \\$aNPLv17$bbibmp35.20070831.aa
=TCO  \\$aZZZ$c008
=LAS  \\$aBATCH-UPD$b50$c20220301$lBLL01$h1523

