=LDR  03832cas a2200805u  4500
=001  013901195
=003  Uk
=005  20220301151009.0
=008  950421d18591888||||||n|||\\\\0\\\||eng\\
=FMT  \\$a  SE
=019  n\$aNLC0008847
=040  \\$aUk$cUk
=082  04$a072.653$222
=245  00$aWisbech Chronicle, General Advertiser, and Lynn News.
=336  \\$atext$2rdacontent
=337  \\$aunmediated$2rdamedia
=338  \\$avolume$2rdacarrier
=500  \\$aWanting Jan.1872; Jan.-April,Dec.1897; Jan.-Dec.1898.
=500  \\$aMicrofilm: Feb.-Dec.1872; Jan.-June 1874; Jan.-Dec.1888; May-Nov.1897.
=651  \0$aCambridgeshire (England)$vNewspapers.
=651  \0$aWisbech (England)$vNewspapers.
=752  \\$aEngland$bCambridgeshire$dWisbech.$2blnpn
=780  00$tCambridgeshire Gazette, Wisbech Chronicle, etc$gNew series.no.1-116 (6 Nov.1858-13 Aug.1859)$w013901194
=785  00$tWisbech & Ely Chronicle & County Press, etc$gno.1583-6206 (28 July 1888-1 Feb.1890)$w013901196
=866  \0$aNewspapers :no.116[bis]-1582 (20 Aug.1859-21 July 1888)
=883  0\$aLanguage codes assigned by Bayesian analysis of words present in record$d20200826$qUk$c0.9919
=856  42$31860, 1862, 1874, 1877, 1879, 1883, 1888$uhttp://www.britishnewspaperarchive.co.uk/search/results?TitleId=BL/0001156$yBritish Newspaper Archive
=852  41$31836-1837$aBritish Library$bNPL$cEW$j308 [1837]$xDec 1836-Dec 1837
=852  41$31863$aBritish Library$bNPL$cEW$j4797 [1863]
=852  41$aBritish Library$bNPL$jNEWS shelfmarks - see explore.bl.uk for full holdings
=852  41$aBritish Library$bHMNTS$zMicroform.$jMFM shelfmarks - see explore.bl.uk for full holdings
=852  41$aBritish Library$bNPL$jPENN shelfmarks - see explore.bl.uk for full holdings
=852  41$31836-1837$aBritish Library$bNPL$cEW$j308 [1837]$xDec 1836-Dec 1837
=852  \\$aBritish Library$bNPL$cEW
=985  \\$aDisaggregated Record: NPL
=985  \\$aUpgraded by BSS-generated file for WR2009-0365
=CAT  \\$aBATCH-NPL$b00$c20070912$lBLL01$h1134
=CAT  \\$aBATCH-856$b50$c20220207$lBLL01$h0756
=CAT  \\$aBATCH-UPD$b50$c20220207$lBLL01$h0812
=CAT  \\$aBATCH-856$b50$c20220214$lBLL01$h0937
=CAT  \\$aBATCH-UPD$b50$c20220214$lBLL01$h0955
=CAT  \\$aBATCH-856$b50$c20220301$lBLL01$h1510
=CAT  \\$aBATCH-UPD$b50$c20220301$lBLL01$h1523
=CAT  \\$aRESET-LEV$b50$c20220302$lBLL01$h0054
=CAT  \\$aRESET-LEV$b50$c20220402$lBLL01$h1726
=CAT  \\$aRESET-LEV$b50$c20220502$lBLL01$h0241
=CAT  \\$aRESET-LEV$b50$c20220602$lBLL01$h2125
=CAT  \\$aRESET-LEV$b50$c20220702$lBLL01$h1728
=CAT  \\$aRESET-LEV$b50$c20220802$lBLL01$h0352
=CAT  \\$aRESET-LEV$b50$c20220902$lBLL01$h2221
=CAT  \\$aRESET-LEV$b50$c20221003$lBLL01$h0413
=CAT  \\$aRESET-LEV$b50$c20221102$lBLL01$h0232
=CAT  \\$aRESET-LEV$b50$c20221202$lBLL01$h2224
=CAT  \\$aRESET-LEV$b50$c20230102$lBLL01$h0259
=CAT  \\$aRESET-LEV$b50$c20230202$lBLL01$h2126
=CAT  \\$aRESET-LEV$b50$c20230302$lBLL01$h2134
=CAT  \\$aRESET-LEV$b50$c20230403$lBLL01$h0240
=CAT  \\$aRESET-LEV$b50$c20230502$lBLL01$h0323
=CAT  \\$aRESET-LEV$b50$c20230602$lBLL01$h2225
=CAT  \\$aRESET-LEV$b50$c20230703$lBLL01$h0507
=CAT  \\$aRESET-LEV$b50$c20230802$lBLL01$h0209
=CAT  \\$aRESET-LEV$b50$c20230902$lBLL01$h1738
=CAT  \\$aRESET-LEV$b50$c20231002$lBLL01$h0442
=FIN  \\$aY
=LEO  \\$aMP35.0000108687.2
=LKR  \\$aPAR$lBLL01$r78500$nWisbech & Ely Chronicle & County Press, etc - no.1583-6206 (28 July 1888-1 Feb.1890)$b013901196$mWisbech Chronicle, General Advertiser, and Lynn News. - no.116[bis]-1582 (20 Aug.1859-21 July 1888)
=NID  \\$aNID0010957
=SRC  \\$aNPLv17$bbibmp35.20070831.aa
=TCO  \\$aZZZ$c008
=LAS  \\$aRESET-LEV$b50$c20231002$lBLL01$h0442

