=LDR  04308cas a2200997u  4500
=001  013901321
=003  Uk
=005  20220301151009.0
=008  950421d18381930||||||n|||\\\\0\\\||eng\\
=FMT  \\$a  SE
=019  n\$aNLC0008983
=040  \\$aUk$cUk
=082  04$a072.448$222
=245  00$aWorcestershire Chronicle.
=336  \\$atext$2rdacontent
=337  \\$aunmediated$2rdamedia
=338  \\$avolume$2rdacarrier
=500  \\$aDiscontinued.
=500  \\$aWanting Oct.-Dec.1874; Jan.1897-Dec.1898.
=500  \\$aMicrofilm: Jan.-Sept.1874; Jan.-Dec.1910.
=651  \0$aHereford and Worcester (England)$vNewspapers.
=651  \0$aWorcester (England)$vNewspapers.
=752  \\$aEngland$bHereford & Worcester$dWorcester.$2blnpn
=866  \0$aNewspapers :no.1, etc (4 Jan.1838-4 Jan.1930)
=856  42$31838-1872, 1874-1888, 1890-1896, 1899-1903$uhttp://www.britishnewspaperarchive.co.uk/search/results?TitleId=BL/0000350$yBritish Newspaper Archive
=852  \\$aBritish Library$bNPL$cEW
=852  \\$aBritish Library$bNPL$cEW
=852  41$31831$aBritish Library$bNPL$cEW$jP183
=852  41$31871$aBritish Library$bNPL$cEW$j1185 [1871]
=852  41$31831$aBritish Library$bNPL$cEW$jP183
=852  41$31871$aBritish Library$bNPL$cEW$j1185 [1871]
=852  41$31831$aBritish Library$bNPL$cEW$jP183
=852  41$31871$aBritish Library$bNPL$cEW$j1185 [1871]
=852  \\$aBritish Library$bNPL$cEW
=852  41$31841$aBritish Library$bNPL$cEW$j636 [1841]
=852  41$31852$aBritish Library$bNPL$cEW$j1072 [1852]
=852  41$31854$aBritish Library$bNPL$cEW$j1316 [1854]
=852  41$31873$aBritish Library$bNPL$cEW$j916 [1873]
=852  41$31899$aBritish Library$bNPL$cEW$j102 [1899]
=852  41$31897; Missing$aBritish Library$bNPL$cEW$j426019 [1897]
=852  41$31873$aBritish Library$bNPL$cEW$j916 [1873]
=852  41$31899$aBritish Library$bNPL$cEW$j102 [1899]
=852  41$31871$aBritish Library$bNPL$cEW$j507 [1871]
=852  41$31876$aBritish Library$bNPL$cEW$j74 [1876]
=852  41$31899; Unfit for use$aBritish Library$bNPL$cEW$j1076 [1899]
=852  41$31831$aBritish Library$bNPL$cEW$jP183
=852  41$31871$aBritish Library$bNPL$cEW$j1185 [1871]
=852  41$31831$aBritish Library$bNPL$cEW$jP183
=852  41$aBritish Library$bNPL$jNEWS shelfmarks - see explore.bl.uk for full holdings
=852  41$aBritish Library$bHMNTS$zMicroform.$jMFM shelfmarks - see explore.bl.uk for full holdings
=852  41$aBritish Library$bNPL$zWanting Jan. / April 1820$jPENN shelfmarks - see explore.bl.uk for full holdings
=852  41$31871$aBritish Library$bNPL$cEW$j1185 [1871]
=852  41$31879$aBritish Library$bNPL$cEW$j246 [1879]
=CAT  \\$aBATCH-NPL$b00$c20070912$lBLL01$h1134
=CAT  \\$aBATCH-856$b50$c20220207$lBLL01$h0756
=CAT  \\$aBATCH-UPD$b50$c20220207$lBLL01$h0812
=CAT  \\$aBATCH-856$b50$c20220214$lBLL01$h0937
=CAT  \\$aBATCH-UPD$b50$c20220214$lBLL01$h0955
=CAT  \\$aBATCH-856$b50$c20220301$lBLL01$h1510
=CAT  \\$aBATCH-UPD$b50$c20220301$lBLL01$h1523
=CAT  \\$aRESET-LEV$b50$c20220302$lBLL01$h0055
=CAT  \\$aRESET-LEV$b50$c20220402$lBLL01$h1726
=CAT  \\$aRESET-LEV$b50$c20220502$lBLL01$h0241
=CAT  \\$aRESET-LEV$b50$c20220602$lBLL01$h2125
=CAT  \\$aRESET-LEV$b50$c20220702$lBLL01$h1728
=CAT  \\$aRESET-LEV$b50$c20220802$lBLL01$h0352
=CAT  \\$aRESET-LEV$b50$c20220902$lBLL01$h2221
=CAT  \\$aRESET-LEV$b50$c20221003$lBLL01$h0413
=CAT  \\$aRESET-LEV$b50$c20221102$lBLL01$h0232
=CAT  \\$aRESET-LEV$b50$c20221202$lBLL01$h2224
=CAT  \\$aRESET-LEV$b50$c20230102$lBLL01$h0259
=CAT  \\$aRESET-LEV$b50$c20230202$lBLL01$h2126
=CAT  \\$aRESET-LEV$b50$c20230302$lBLL01$h2134
=CAT  \\$aRESET-LEV$b50$c20230403$lBLL01$h0240
=CAT  \\$aRESET-LEV$b50$c20230502$lBLL01$h0323
=CAT  \\$aRESET-LEV$b50$c20230602$lBLL01$h2225
=CAT  \\$aRESET-LEV$b50$c20230703$lBLL01$h0507
=CAT  \\$aRESET-LEV$b50$c20230802$lBLL01$h0209
=CAT  \\$aRESET-LEV$b50$c20230902$lBLL01$h1738
=CAT  \\$aRESET-LEV$b50$c20231002$lBLL01$h0442
=FIN  \\$aY
=LEO  \\$aMP35.0000108820
=NID  \\$aNID0011056
=SRC  \\$aNPLv17$bbibmp35.20070831.aa
=TCO  \\$aZZZ$c008
=LAS  \\$aRESET-LEV$b50$c20231002$lBLL01$h0442

