=LDR  05686cas a2201213u  4500
=001  013901512
=003  Uk
=005  20220301151009.0
=008  950421d18701934nik|||n|||\\\\0\\\||eng\\
=FMT  \\$a  SE
=019  n\$aNLC0009165
=040  \\$aUk$cUk
=082  04$a072.91614$222
=245  04$aThe Ballymoney Free Press and Northern Counties Advertiser.
=336  \\$atext$2rdacontent
=337  \\$aunmediated$2rdamedia
=338  \\$avolume$2rdacarrier
=500  \\$aIncorporated with "The Coleraine Chronicle".
=651  \0$aAntrim (Northern Ireland : County)$vNewspapers.
=651  \0$aBallymoney (Northern Ireland)$vNewspapers.
=752  \\$aIreland$bCo. Antrim$dBallymoney.$2blnpn
=866  \0$aNewspapers :no.357,528-3715 (27 Jan.1870; 15 May 1873-1 Nov.1934)
=856  42$31870, 1873-1934$uhttp://www.britishnewspaperarchive.co.uk/search/results?TitleId=BL/0002907$yBritish Newspaper Archive
=852  41$31876$aBritish Library$bNPL$cIRL$j71 [1876]
=852  \\$32010-$aBritish Library$bNPL$jNEWS.REG781
=852  41$31884$aBritish Library$bNPL$cIRL$j14 [1884]
=852  41$31886$aBritish Library$bNPL$cIRL$j39 [1886]
=852  41$31887$aBritish Library$bNPL$cIRL$j9 [1887]
=852  41$31888$aBritish Library$bNPL$cIRL$j59 [1888]
=852  41$31889$aBritish Library$bNPL$cIRL$j42 [1889]
=852  41$31890$aBritish Library$bNPL$cIRL$j38 [1890]
=852  41$31891$aBritish Library$bNPL$cIRL$j31 [1891]
=852  41$31892$aBritish Library$bNPL$cIRL$j26 [1892]
=852  41$31893$aBritish Library$bNPL$cIRL$j4 [1893]
=852  41$31894$aBritish Library$bNPL$cIRL$j31 [1894]
=852  41$31895$aBritish Library$bNPL$cIRL$j71 [1895]
=852  41$31896$aBritish Library$bNPL$cIRL$j88 [1896]
=852  41$31923$aBritish Library$bNPL$cIRL$j46 [1923]
=852  41$31897-1985$aBritish Library$bNPL$jNEWS466
=852  41$31875$aBritish Library$bNPL$cIRL$j25 [1875]
=852  41$31878$aBritish Library$bNPL$cIRL$j42 [1878]
=852  41$31880$aBritish Library$bNPL$cIRL$j41 [1880]
=852  41$31882$aBritish Library$bNPL$cIRL$j38A [1882]
=852  41$31879$aBritish Library$bNPL$cIRL$j17 [1879]
=852  41$31883$aBritish Library$bNPL$cIRL$j52 [1883]
=852  41$31874$aBritish Library$bNPL$cIRL$j33 [1874]
=852  41$31877$aBritish Library$bNPL$cIRL$j55 [1877]
=852  \\$32010-$aBritish Library$bNPL$jNEWS.REG907
=852  41$31908-1985$aBritish Library$bNPL$jNEWS464
=852  41$31897-1939$aBritish Library$bNPL$jNEWS7298
=852  41$31912$aBritish Library$bHMNTS$zJul-Dec$zMicroform
=852  41$31895$aBritish Library$bHMNTS$zMicroform.$jMFM.M13494 [1895]
=852  41$31896$aBritish Library$bHMNTS$zMicroform.$jMFM.M13495 [1896]
=852  41$31900$aBritish Library$bHMNTS$zMicroform.$jMFM.M5520 [1900]
=852  41$31930$aBritish Library$bHMNTS$z19 Feb - 15 Oct$zMicroform.$jMFM.M3221 [1930]
=852  41$31939$aBritish Library$bHMNTS$zMicroform.$jMFM.M4844 [1939]
=852  41$31940$aBritish Library$bHMNTS$zMicroform.$jMFM.M4845 [1940]
=852  41$31941$aBritish Library$bHMNTS$zMicroform.$jMFM.M4846 [1941]
=852  41$31894$aBritish Library$bNPL$cIRL$j112 [1894]
=852  41$31895$aBritish Library$bNPL$cIRL$j8 [1895]
=852  41$31896$aBritish Library$bNPL$cIRL$j21 [1896]
=852  41$31897-1934$aBritish Library$bNPL$jNEWS6900
=852  41$31876-1878$aBritish Library$bHMNTS$zMicroform.$jMFM.M22177 [1876-1878]
=852  41$31879-1881$aBritish Library$bHMNTS$zMicroform.$jMFM.M22178 [1879-1881]
=852  41$31882-1884$aBritish Library$bHMNTS$zMicroform.$jMFM.M22325 [1882-1884]
=852  41$31885-1887$aBritish Library$bHMNTS$zMicroform.$jMFM.M22179 [1885-1887]
=852  41$31888-1890$aBritish Library$bHMNTS$zMicroform.$jMFM.M22180 [1888-1890]
=852  41$31891-1893$aBritish Library$bHMNTS$zMicroform.$jMFM.M22181 [1891-1893]
=852  41$31894-1896$aBritish Library$bHMNTS$zMicroform.$jMFM.M22182 [1894-1896]
=852  41$31870, 1873-1875$aBritish Library$bHMNTS$zMicroform.$jMFM.M22324
=985  \\$aUpgraded by BSS-generated file for WR1910-0531
=CAT  \\$aBATCH-NPL$b00$c20070912$lBLL01$h1135
=CAT  \\$aBATCH-856$b50$c20220207$lBLL01$h0756
=CAT  \\$aBATCH-UPD$b50$c20220207$lBLL01$h0812
=CAT  \\$aBATCH-856$b50$c20220214$lBLL01$h0937
=CAT  \\$aBATCH-UPD$b50$c20220214$lBLL01$h0955
=CAT  \\$aBATCH-856$b50$c20220301$lBLL01$h1510
=CAT  \\$aBATCH-UPD$b50$c20220301$lBLL01$h1523
=CAT  \\$aRESET-LEV$b50$c20220302$lBLL01$h0055
=CAT  \\$aRESET-LEV$b50$c20220402$lBLL01$h1727
=CAT  \\$aRESET-LEV$b50$c20220502$lBLL01$h0241
=CAT  \\$aRESET-LEV$b50$c20220602$lBLL01$h2125
=CAT  \\$aRESET-LEV$b50$c20220702$lBLL01$h1728
=CAT  \\$aRESET-LEV$b50$c20220802$lBLL01$h0352
=CAT  \\$aRESET-LEV$b50$c20220902$lBLL01$h2221
=CAT  \\$aRESET-LEV$b50$c20221003$lBLL01$h0413
=CAT  \\$aRESET-LEV$b50$c20221102$lBLL01$h0232
=CAT  \\$aRESET-LEV$b50$c20221202$lBLL01$h2224
=CAT  \\$aRESET-LEV$b50$c20230102$lBLL01$h0259
=CAT  \\$aRESET-LEV$b50$c20230202$lBLL01$h2126
=CAT  \\$aRESET-LEV$b50$c20230302$lBLL01$h2134
=CAT  \\$aRESET-LEV$b50$c20230403$lBLL01$h0240
=CAT  \\$aRESET-LEV$b50$c20230502$lBLL01$h0323
=CAT  \\$aRESET-LEV$b50$c20230602$lBLL01$h2225
=CAT  \\$aRESET-LEV$b50$c20230703$lBLL01$h0507
=CAT  \\$aRESET-LEV$b50$c20230802$lBLL01$h0209
=CAT  \\$aRESET-LEV$b50$c20230902$lBLL01$h1739
=CAT  \\$aRESET-LEV$b50$c20231002$lBLL01$h0442
=FIN  \\$aY
=LEO  \\$aMP35.0000108997
=NID  \\$aNID0011215
=SRC  \\$aNPLv17$bbibmp35.20070831.aa
=TCO  \\$aZZZ$c008
=LAS  \\$aRESET-LEV$b50$c20231002$lBLL01$h0442

