=LDR  05281cas a2201177u  4500
=001  013901531
=003  Uk
=005  20220301151009.0
=008  950421d19261957nik|||n|||\\\\0\\\||eng\\
=FMT  \\$a  SE
=019  n\$aNLC0009195
=040  \\$aUk$cUk
=082  04$a072.91653$222
=245  04$aThe Northern Herald.
=336  \\$atext$2rdacontent
=337  \\$aunmediated$2rdamedia
=338  \\$avolume$2rdacarrier
=500  \\$aDiscontinued.
=500  \\$aNot published between 11 March 1939 and 10 May 1952.
=651  \0$aBangor (Northern Ireland)$vNewspapers.
=651  \0$aDown (Northern Ireland : County)$vNewspapers.
=752  \\$aIreland$bCo. Down$dBangor.$2blnpn
=780  00$tNorth Down Herald, and County Down Independent$gNew series.vol.18.no.911-vol.46.no.26 (7 Jan.1898-26 Dec.1925)$w013901530
=866  \0$aNewspapers :New series.vol.46.no.1-vol.50.no.52; vol.51.no.1-vol.63.no.39 (2 Jan.1926-28 Dec.1929; 3 Jan.1931-11 March 1939; 10 May 1952-30 Jan.1957)
=883  0\$aLanguage codes assigned by Bayesian analysis of words present in record$d20200826$qUk$c0.9919
=856  42$31926-1929, 1931-1939$uhttp://www.britishnewspaperarchive.co.uk/search/results?TitleId=BL/0002547$yBritish Newspaper Archive
=852  41$31860$aBritish Library$bNPL$cIRL$j28 [1860]
=852  \\$aBritish Library$bNPL$cIRL
=852  \\$aBritish Library$bNPL$cIRL
=852  \\$aBritish Library$bNPL$cIRL
=852  \\$aBritish Library$bNPL$cIRL
=852  \\$aBritish Library$bNPL$cIRL
=852  \\$aBritish Library$bNPL$cIRL
=852  41$31851$aBritish Library$bNPL$cIRL$j29 [1851]
=852  41$31852$aBritish Library$bNPL$cIRL$j52 [1852]
=852  41$31853$aBritish Library$bNPL$cIRL$j29 [1853]
=852  41$31854$aBritish Library$bNPL$cIRL$j36 [1854]
=852  41$31855$aBritish Library$bNPL$cIRL$j58 [1855]
=852  41$31856$aBritish Library$bNPL$cIRL$j42 [1856]
=852  41$31857$aBritish Library$bNPL$cIRL$j49 [1857]
=852  41$31858$aBritish Library$bNPL$cIRL$j45 [1858]
=852  41$31859$aBritish Library$bNPL$cIRL$j61 [1859]
=852  41$31863$aBritish Library$bNPL$cIRL$j59 [1863]
=852  41$31861$aBritish Library$bNPL$cIRL$j29 [1861]
=852  41$31862$aBritish Library$bNPL$cIRL$j55 [1862]
=852  41$31864$aBritish Library$bNPL$cIRL$j54 [1864]
=852  41$31865$aBritish Library$bNPL$cIRL$j34 [1865]
=852  41$31866$aBritish Library$bNPL$cIRL$j40 [1866]
=852  41$31867$aBritish Library$bNPL$cIRL$j28 [1867]
=852  41$31868$aBritish Library$bNPL$cIRL$j11 [1868]
=852  41$31869$aBritish Library$bNPL$cIRL$j46 [1869]
=852  41$31870$aBritish Library$bNPL$cIRL$j19 [1870]
=852  41$31871$aBritish Library$bNPL$cIRL$j67 [1871]
=852  41$31872$aBritish Library$bNPL$cIRL$j66 [1872]
=852  41$31873$aBritish Library$bNPL$cIRL$j1 [1873]
=852  41$31879$aBritish Library$bNPL$cIRL$j68 [1879]
=852  41$31880$aBritish Library$bNPL$cIRL$j74 [1880]
=852  41$31881$aBritish Library$bNPL$cIRL$j13 [1881]
=852  41$31882$aBritish Library$bNPL$cIRL$j43 [1882]
=852  41$31883$aBritish Library$bNPL$cIRL$j59 [1883]
=852  41$31884$aBritish Library$bNPL$cIRL$j15 [1884]
=852  41$31886$aBritish Library$bNPL$cIRL$j47 [1886]
=852  41$31888$aBritish Library$bNPL$cIRL$j75 [1888]
=852  41$31889$aBritish Library$bNPL$cIRL$j51 [1889]
=852  41$aBritish Library$bNPL$jNEWS shelfmarks - see explore.bl.uk for full holdings
=852  41$aBritish Library$bHMNTS$zMicroform.$jMFM shelfmarks - see explore.bl.uk for full holdings
=985  \\$aDisaggregated Record: NPL
=985  \\$aUpgraded by BSS-generated file for WR2009-0365
=CAT  \\$aBATCH-NPL$b00$c20070912$lBLL01$h1135
=CAT  \\$aBATCH-856$b50$c20220207$lBLL01$h0756
=CAT  \\$aBATCH-UPD$b50$c20220207$lBLL01$h0812
=CAT  \\$aBATCH-856$b50$c20220214$lBLL01$h0937
=CAT  \\$aBATCH-UPD$b50$c20220214$lBLL01$h0955
=CAT  \\$aBATCH-856$b50$c20220301$lBLL01$h1510
=CAT  \\$aBATCH-UPD$b50$c20220301$lBLL01$h1523
=CAT  \\$aRESET-LEV$b50$c20220302$lBLL01$h0055
=CAT  \\$aRESET-LEV$b50$c20220402$lBLL01$h1727
=CAT  \\$aRESET-LEV$b50$c20220502$lBLL01$h0241
=CAT  \\$aRESET-LEV$b50$c20220602$lBLL01$h2125
=CAT  \\$aRESET-LEV$b50$c20220702$lBLL01$h1728
=CAT  \\$aRESET-LEV$b50$c20220802$lBLL01$h0352
=CAT  \\$aRESET-LEV$b50$c20220902$lBLL01$h2221
=CAT  \\$aRESET-LEV$b50$c20221003$lBLL01$h0413
=CAT  \\$aRESET-LEV$b50$c20221102$lBLL01$h0232
=CAT  \\$aRESET-LEV$b50$c20221202$lBLL01$h2224
=CAT  \\$aRESET-LEV$b50$c20230102$lBLL01$h0259
=CAT  \\$aRESET-LEV$b50$c20230202$lBLL01$h2126
=CAT  \\$aRESET-LEV$b50$c20230302$lBLL01$h2134
=CAT  \\$aRESET-LEV$b50$c20230403$lBLL01$h0240
=CAT  \\$aRESET-LEV$b50$c20230502$lBLL01$h0323
=CAT  \\$aRESET-LEV$b50$c20230602$lBLL01$h2225
=CAT  \\$aRESET-LEV$b50$c20230703$lBLL01$h0507
=CAT  \\$aRESET-LEV$b50$c20230802$lBLL01$h0209
=CAT  \\$aRESET-LEV$b50$c20230902$lBLL01$h1739
=CAT  \\$aRESET-LEV$b50$c20231002$lBLL01$h0442
=FIN  \\$aY
=LEO  \\$aMP35.0000109026.1
=NID  \\$aNID0011226
=SRC  \\$aNPLv17$bbibmp35.20070831.aa
=TCO  \\$aZZZ$c008
=LAS  \\$aRESET-LEV$b50$c20231002$lBLL01$h0442

