=LDR  02906cas a2200685u  4500
=001  013901963
=003  Uk
=005  20220301151011.0
=008  950421d18511917|||dr|n|||\\\\0\\\||eng\\
=FMT  \\$a  SE
=019  n\$aNLC0009695
=040  \\$aUk$cUk
=082  04$a072.91835$222
=245  04$aThe Daily Express.
=336  \\$atext$2rdacontent
=337  \\$aunmediated$2rdamedia
=338  \\$avolume$2rdacarrier
=651  \0$aDublin (Ireland : County)$vNewspapers.
=651  \0$aDublin (Ireland)$vNewspapers.
=752  \\$aIreland$bCo. Dublin$dDublin.$2blnpn
=785  00$tDaily Express and Irish Daily Mail$gno.21781-22830 (12 Feb.1917-18 June 1921)$w013901964
=866  \0$aNewspapers :no.1-21780 (3 Feb.1851-10 Feb.1917)
=856  42$31855-1858, 1861-1899, 1901-1917$uhttp://www.britishnewspaperarchive.co.uk/search/results?TitleId=BL/0001384$yBritish Newspaper Archive
=852  \\$aBritish Library$bNPL$cIRL
=852  41$aBritish Library$bNPL$jNEWS shelfmarks - see explore.bl.uk for full holdings
=852  41$aBritish Library$bHMNTS$zNov-Dec$zMicroform.$jMFM shelfmarks - see explore.bl.uk for full holdings
=985  \\$aDisaggregated Record: NPL
=CAT  \\$aBATCH-NPL$b00$c20070912$lBLL01$h1135
=CAT  \\$aBATCH-856$b50$c20211108$lBLL01$h1044
=CAT  \\$aBATCH-UPD$b50$c20211108$lBLL01$h1055
=CAT  \\$a14185N$b50$c20211108$lBLL01$h1213
=CAT  \\$aBATCH-856$b50$c20211115$lBLL01$h0940
=CAT  \\$aBATCH-UPD$b50$c20211115$lBLL01$h0952
=CAT  \\$aBATCH-856$b50$c20211122$lBLL01$h1254
=CAT  \\$aBATCH-UPD$b50$c20211122$lBLL01$h1305
=CAT  \\$aBATCH-856$b50$c20211220$lBLL01$h1031
=CAT  \\$aBATCH-UPD$b50$c20211220$lBLL01$h1108
=CAT  \\$aBATCH-856$b50$c20211228$lBLL01$h1450
=CAT  \\$aBATCH-UPD$b50$c20211228$lBLL01$h1514
=CAT  \\$aBATCH-856$b50$c20220104$lBLL01$h0957
=CAT  \\$aBATCH-UPD$b50$c20220104$lBLL01$h1014
=CAT  \\$aBATCH-856$b50$c20220110$lBLL01$h1300
=CAT  \\$aBATCH-UPD$b50$c20220110$lBLL01$h1337
=CAT  \\$aBATCH-856$b50$c20220117$lBLL01$h1433
=CAT  \\$aBATCH-UPD$b50$c20220117$lBLL01$h1452
=CAT  \\$aBATCH-856$b50$c20220131$lBLL01$h1009
=CAT  \\$aBATCH-UPD$b50$c20220131$lBLL01$h1023
=CAT  \\$aBATCH-856$b50$c20220207$lBLL01$h0756
=CAT  \\$aBATCH-UPD$b50$c20220207$lBLL01$h0814
=CAT  \\$aBATCH-856$b50$c20220214$lBLL01$h0937
=CAT  \\$aBATCH-UPD$b50$c20220214$lBLL01$h0956
=CAT  \\$aBATCH-856$b50$c20220301$lBLL01$h1510
=CAT  \\$aBATCH-UPD$b50$c20220301$lBLL01$h1524
=FIN  \\$aY
=LEO  \\$aMP35.0000109522
=LKR  \\$aPAR$lBLL01$r78500$nDaily Express and Irish Daily Mail - no.21781-22830 (12 Feb.1917-18 June 1921)$b013901964$mThe Daily Express. - no.1-21780 (3 Feb.1851-10 Feb.1917)
=NID  \\$aNID0011532
=SRC  \\$aNPLv17$bbibmp35.20070831.aa
=TCO  \\$aZZZ$c008
=LAS  \\$aBATCH-UPD$b50$c20220301$lBLL01$h1524

