=LDR  17303cas a2203637u  4500
=001  013902803
=003  Uk
=005  20220301151012.0
=008  950421d18561958||||||n|||\\\\0\\\||eng\\
=FMT  \\$a  SE
=019  n\$aNLC0010606
=040  \\$aUk$cUk
=082  04$a072.91915$222
=245  04$aThe Waterford News.
=336  \\$atext$2rdacontent
=337  \\$aunmediated$2rdamedia
=338  \\$avolume$2rdacarrier
=500  \\$aAmalgamated with "The Waterford Star" and subsequently published as "Waterford News and Star".
=651  \0$aWaterford (Ireland : County)$vNewspapers.
=651  \0$aWaterford (Ireland)$vNewspapers.
=752  \\$aIreland$bCo. Waterford$dWaterford.$2blnpn
=780  00$tWaterford News and General Weekly Advertiser$gvol.3.no.132-vol.8.no.413 (5 April 1851-24 Oct.1856)$w013902802
=866  \0$aNewspapers :vol.8.no.414, etc (31 Oct.1856-9 July 1869; 7 Jan.1870-27 Dec.1929; 2 Jan.1931-23 Dec.1958)
=883  0\$aLanguage codes assigned by Bayesian analysis of words present in record$d20200826$qUk$c0.9919
=856  42$31856-1869$uhttp://www.britishnewspaperarchive.co.uk/search/results?TitleId=BL/0000891$yBritish Newspaper Archive
=852  41$31856$aBritish Library$bNPL$cIRL$j55 [1856]
=852  41$31857$aBritish Library$bNPL$cIRL$j19 [1857]
=852  41$31858$aBritish Library$bNPL$cIRL$j20A [1858]
=852  41$31859$aBritish Library$bNPL$cIRL$j39A [1859]
=852  41$31860$aBritish Library$bNPL$cIRL$j41 [1860]
=852  41$31864$aBritish Library$bNPL$cIRL$j47 [1864]
=852  41$31866$aBritish Library$bNPL$cIRL$j82 [1866]
=852  41$31867$aBritish Library$bNPL$cIRL$j83 [1867]
=852  41$31868$aBritish Library$bNPL$cIRL$j90 [1868]
=852  41$31869$aBritish Library$bNPL$cIRL$j103 [1869]
=852  41$31870$aBritish Library$bNPL$cIRL$j99 [1870]
=852  41$31887$aBritish Library$bNPL$cIRL$j5 [1887]
=852  41$31889$aBritish Library$bNPL$cIRL$j79 [1889]
=852  41$31890$aBritish Library$bNPL$cIRL$j65 [1890]
=852  41$31891$aBritish Library$bNPL$cIRL$j64 [1891]
=852  41$31892$aBritish Library$bNPL$cIRL$j20 [1892]
=852  41$31893$aBritish Library$bNPL$cIRL$j99 [1893]
=852  41$31894$aBritish Library$bNPL$cIRL$j29 [1894]
=852  41$31895$aBritish Library$bNPL$cIRL$j74 [1895]
=852  41$31868$aBritish Library$bNPL$cIRL$j12 [1868]
=852  41$31869$aBritish Library$bNPL$cIRL$j57 [1869]
=852  41$31870$aBritish Library$bNPL$cIRL$j23 [1870]
=852  41$31871$aBritish Library$bNPL$cIRL$j8 [1871]
=852  41$31872$aBritish Library$bNPL$cIRL$j10 [1872]
=852  41$31873$aBritish Library$bNPL$cIRL$j36 [1873]
=852  41$31874$aBritish Library$bNPL$cIRL$j32 [1874]
=852  41$31875$aBritish Library$bNPL$cIRL$j41 [1875]
=852  41$31876$aBritish Library$bNPL$cIRL$j65 [1876]
=852  41$31878$aBritish Library$bNPL$cIRL$j34 [1878]
=852  41$31883$aBritish Library$bNPL$cIRL$jM20162
=852  41$31884$aBritish Library$bNPL$cIRL$jM14064
=852  41$31889$aBritish Library$bNPL$cIRL$jL39 [1889]
=852  41$31891$aBritish Library$bNPL$cIRL$jL212 [1891]
=852  41$31875$aBritish Library$bNPL$cIRL$j50 [1875]
=852  41$31876$aBritish Library$bNPL$cIRL$j53 [1876]
=852  41$31877$aBritish Library$bNPL$cIRL$j23 [1877]
=852  41$31878$aBritish Library$bNPL$cIRL$j9 [1878]
=852  41$31879$aBritish Library$bNPL$cIRL$j47 [1879]
=852  41$31868$aBritish Library$bNPL$cIRL$j12 [1868]
=852  41$31869$aBritish Library$bNPL$cIRL$j57 [1869]
=852  41$31870$aBritish Library$bNPL$cIRL$j23 [1870]
=852  41$31871$aBritish Library$bNPL$cIRL$j8 [1871]
=852  41$31872$aBritish Library$bNPL$cIRL$j10 [1872]
=852  41$31873$aBritish Library$bNPL$cIRL$j36 [1873]
=852  41$31874$aBritish Library$bNPL$cIRL$j32 [1874]
=852  41$31875$aBritish Library$bNPL$cIRL$j41 [1875]
=852  41$31876$aBritish Library$bNPL$cIRL$j65 [1876]
=852  41$31878$aBritish Library$bNPL$cIRL$j34 [1878]
=852  41$31883$aBritish Library$bNPL$cIRL$jM20162
=852  41$31884$aBritish Library$bNPL$cIRL$jM14064
=852  41$31889$aBritish Library$bNPL$cIRL$jL39 [1889]
=852  41$31891$aBritish Library$bNPL$cIRL$jL212 [1891]
=852  41$31883$aBritish Library$bNPL$cIRL$j59 [1883]
=852  41$31885$aBritish Library$bNPL$cIRL$j27 [1885]
=852  41$31886$aBritish Library$bNPL$cIRL$j37 [1886]
=852  41$31889$aBritish Library$bNPL$cIRL$j57 [1889]
=852  41$31890$aBritish Library$bNPL$cIRL$j41 [1890]
=852  41$31891$aBritish Library$bNPL$cIRL$j40 [1891]
=852  41$31892$aBritish Library$bNPL$cIRL$j6 [1892]
=852  41$31893$aBritish Library$bNPL$cIRL$j17 [1893]
=852  41$31894$aBritish Library$bNPL$cIRL$j40 [1894]
=852  41$31895$aBritish Library$bNPL$cIRL$j3 [1895]
=852  41$31896$aBritish Library$bNPL$cIRL$j22 [1896]
=852  41$31898$aBritish Library$bNPL$cIRL$j65 [1898]
=852  41$31913$aBritish Library$bNPL$cIRL$j150 [1913]
=852  41$31883$aBritish Library$bNPL$cIRL$j59 [1883]
=852  41$31885$aBritish Library$bNPL$cIRL$j27 [1885]
=852  41$31886$aBritish Library$bNPL$cIRL$j37 [1886]
=852  41$31889$aBritish Library$bNPL$cIRL$j57 [1889]
=852  41$31890$aBritish Library$bNPL$cIRL$j41 [1890]
=852  41$31891$aBritish Library$bNPL$cIRL$j40 [1891]
=852  41$31892$aBritish Library$bNPL$cIRL$j6 [1892]
=852  41$31893$aBritish Library$bNPL$cIRL$j17 [1893]
=852  41$31894$aBritish Library$bNPL$cIRL$j40 [1894]
=852  41$31895$aBritish Library$bNPL$cIRL$j3 [1895]
=852  41$31896$aBritish Library$bNPL$cIRL$j22 [1896]
=852  41$31898$aBritish Library$bNPL$cIRL$j65 [1898]
=852  41$31913$aBritish Library$bNPL$cIRL$j150 [1913]
=852  41$31915$aBritish Library$bNPL$cIRL$j95 [1915]
=852  41$31881$aBritish Library$bNPL$cIRL$j13 [1881]
=852  41$31882$aBritish Library$bNPL$cIRL$j68 [1882]
=852  41$31883$aBritish Library$bNPL$cIRL$j58 [1883]
=852  41$31884$aBritish Library$bNPL$cIRL$j25 [1884]
=852  41$31885$aBritish Library$bNPL$cIRL$j1 [1885]
=852  41$31886$aBritish Library$bNPL$cIRL$j47 [1886]
=852  41$31887$aBritish Library$bNPL$cIRL$j7 [1887]
=852  41$31888$aBritish Library$bNPL$cIRL$j55 [1888]
=852  41$31889$aBritish Library$bNPL$cIRL$j38 [1889]
=852  41$31891$aBritish Library$bNPL$cIRL$jL212 [1891]
=852  41$31860$aBritish Library$bNPL$cIRL$j28 [1860]
=852  \\$aBritish Library$bNPL$cIRL
=852  \\$aBritish Library$bNPL$cIRL
=852  \\$aBritish Library$bNPL$cIRL
=852  \\$aBritish Library$bNPL$cIRL
=852  \\$aBritish Library$bNPL$cIRL
=852  \\$aBritish Library$bNPL$cIRL
=852  41$31851$aBritish Library$bNPL$cIRL$j29 [1851]
=852  41$31852$aBritish Library$bNPL$cIRL$j52 [1852]
=852  41$31853$aBritish Library$bNPL$cIRL$j29 [1853]
=852  41$31854$aBritish Library$bNPL$cIRL$j36 [1854]
=852  41$31855$aBritish Library$bNPL$cIRL$j58 [1855]
=852  41$31856$aBritish Library$bNPL$cIRL$j42 [1856]
=852  41$31857$aBritish Library$bNPL$cIRL$j49 [1857]
=852  41$31858$aBritish Library$bNPL$cIRL$j45 [1858]
=852  41$31859$aBritish Library$bNPL$cIRL$j61 [1859]
=852  41$31863$aBritish Library$bNPL$cIRL$j59 [1863]
=852  41$31861$aBritish Library$bNPL$cIRL$j29 [1861]
=852  41$31862$aBritish Library$bNPL$cIRL$j55 [1862]
=852  41$31864$aBritish Library$bNPL$cIRL$j54 [1864]
=852  41$31865$aBritish Library$bNPL$cIRL$j34 [1865]
=852  41$31866$aBritish Library$bNPL$cIRL$j40 [1866]
=852  41$31867$aBritish Library$bNPL$cIRL$j28 [1867]
=852  41$31868$aBritish Library$bNPL$cIRL$j11 [1868]
=852  41$31869$aBritish Library$bNPL$cIRL$j46 [1869]
=852  41$31870$aBritish Library$bNPL$cIRL$j19 [1870]
=852  41$31871$aBritish Library$bNPL$cIRL$j67 [1871]
=852  41$31872$aBritish Library$bNPL$cIRL$j66 [1872]
=852  41$31873$aBritish Library$bNPL$cIRL$j1 [1873]
=852  41$31879$aBritish Library$bNPL$cIRL$j68 [1879]
=852  41$31880$aBritish Library$bNPL$cIRL$j74 [1880]
=852  41$31881$aBritish Library$bNPL$cIRL$j13 [1881]
=852  41$31882$aBritish Library$bNPL$cIRL$j43 [1882]
=852  41$31883$aBritish Library$bNPL$cIRL$j59 [1883]
=852  41$31884$aBritish Library$bNPL$cIRL$j15 [1884]
=852  41$31886$aBritish Library$bNPL$cIRL$j47 [1886]
=852  41$31888$aBritish Library$bNPL$cIRL$j75 [1888]
=852  41$31889$aBritish Library$bNPL$cIRL$j51 [1889]
=852  41$31915$aBritish Library$bNPL$cIRL$j95 [1915]
=852  41$31881$aBritish Library$bNPL$cIRL$j13 [1881]
=852  41$31882$aBritish Library$bNPL$cIRL$j68 [1882]
=852  41$31883$aBritish Library$bNPL$cIRL$j58 [1883]
=852  41$31884$aBritish Library$bNPL$cIRL$j25 [1884]
=852  41$31885$aBritish Library$bNPL$cIRL$j1 [1885]
=852  41$31886$aBritish Library$bNPL$cIRL$j47 [1886]
=852  41$31887$aBritish Library$bNPL$cIRL$j7 [1887]
=852  41$31888$aBritish Library$bNPL$cIRL$j55 [1888]
=852  41$31889$aBritish Library$bNPL$cIRL$j38 [1889]
=852  41$31891$aBritish Library$bNPL$cIRL$jL212 [1891]
=852  41$31851$aBritish Library$bNPL$cIRL$j46 [1851]
=852  41$31852$aBritish Library$bNPL$cIRL$j56 [1852]
=852  41$31853$aBritish Library$bNPL$cIRL$j47 [1853]
=852  41$31854$aBritish Library$bNPL$cIRL$j49 [1854]
=852  41$31855$aBritish Library$bNPL$cIRL$j49 [1855]
=852  41$31856$aBritish Library$bNPL$cIRL$j58 [1856]
=852  41$31857$aBritish Library$bNPL$cIRL$j45 [1857]
=852  41$31858$aBritish Library$bNPL$cIRL$j34 [1858]
=852  41$31859$aBritish Library$bNPL$cIRL$j32 [1859]
=852  41$31861$aBritish Library$bNPL$cIRL$j28 [1861]
=852  41$31862$aBritish Library$bNPL$cIRL$j65 [1862]
=852  41$31864$aBritish Library$bNPL$cIRL$j42 [1864]
=852  41$31865$aBritish Library$bNPL$cIRL$j3 [1865]
=852  41$31866$aBritish Library$bNPL$cIRL$j10 [1866]
=852  41$31867$aBritish Library$bNPL$cIRL$j19 [1867]
=852  41$31868$aBritish Library$bNPL$cIRL$j9 [1868]
=852  41$31869$aBritish Library$bNPL$cIRL$j50 [1869]
=852  41$31870$aBritish Library$bNPL$cIRL$j5 [1870]
=852  41$31871$aBritish Library$bNPL$cIRL$j32 [1871]
=852  41$31872$aBritish Library$bNPL$cIRL$j51 [1872]
=852  41$31873$aBritish Library$bNPL$cIRL$j39 [1873]
=852  41$31874$aBritish Library$bNPL$cIRL$j53 [1874]
=852  41$31875$aBritish Library$bNPL$cIRL$j49 [1875]
=852  41$31876$aBritish Library$bNPL$cIRL$j52 [1876]
=852  41$31877$aBritish Library$bNPL$cIRL$j19 [1877]
=852  41$31878$aBritish Library$bNPL$cIRL$j68 [1878]
=852  41$31879$aBritish Library$bNPL$cIRL$j55 [1879]
=852  41$31880$aBritish Library$bNPL$cIRL$j28 [1880]
=852  41$31882$aBritish Library$bNPL$cIRL$j51 [1882]
=852  41$31883$aBritish Library$bNPL$cIRL$j34 [1883]$xLost-Wanting
=852  41$31884$aBritish Library$bNPL$cIRL$j10 [1884]$x3 Jan. -25 Dec
=852  41$31885$aBritish Library$bNPL$cIRL$j61 [1885]$xJan. - Dec.
=852  41$31886$aBritish Library$bNPL$cIRL$j2 [1886]
=852  41$31887$aBritish Library$bNPL$cIRL$j48 [1887]
=852  41$31888$aBritish Library$bNPL$cIRL$j9 [1888]
=852  41$31889$aBritish Library$bNPL$cIRL$j32 [1889]
=852  41$31891$aBritish Library$bNPL$cIRL$j37 [1891]
=852  41$31892$aBritish Library$bNPL$cIRL$j50 [1892]
=852  41$31915$aBritish Library$bNPL$cIRL$j95 [1915]
=852  41$31881$aBritish Library$bNPL$cIRL$j13 [1881]
=852  41$31882$aBritish Library$bNPL$cIRL$j68 [1882]
=852  41$31883$aBritish Library$bNPL$cIRL$j58 [1883]
=852  41$31884$aBritish Library$bNPL$cIRL$j25 [1884]
=852  41$31885$aBritish Library$bNPL$cIRL$j1 [1885]
=852  41$31886$aBritish Library$bNPL$cIRL$j47 [1886]
=852  41$31887$aBritish Library$bNPL$cIRL$j7 [1887]
=852  41$31888$aBritish Library$bNPL$cIRL$j55 [1888]
=852  41$31889$aBritish Library$bNPL$cIRL$j38 [1889]
=852  41$31891$aBritish Library$bNPL$cIRL$jL212 [1891]
=852  41$31860$aBritish Library$bNPL$cIRL$j28 [1860]
=852  \\$aBritish Library$bNPL$cIRL
=852  \\$aBritish Library$bNPL$cIRL
=852  \\$aBritish Library$bNPL$cIRL
=852  \\$aBritish Library$bNPL$cIRL
=852  \\$aBritish Library$bNPL$cIRL
=852  \\$aBritish Library$bNPL$cIRL
=852  41$31851$aBritish Library$bNPL$cIRL$j29 [1851]
=852  41$31852$aBritish Library$bNPL$cIRL$j52 [1852]
=852  41$31853$aBritish Library$bNPL$cIRL$j29 [1853]
=852  41$31854$aBritish Library$bNPL$cIRL$j36 [1854]
=852  41$31855$aBritish Library$bNPL$cIRL$j58 [1855]
=852  41$31856$aBritish Library$bNPL$cIRL$j42 [1856]
=852  41$31857$aBritish Library$bNPL$cIRL$j49 [1857]
=852  41$31858$aBritish Library$bNPL$cIRL$j45 [1858]
=852  41$31859$aBritish Library$bNPL$cIRL$j61 [1859]
=852  41$31863$aBritish Library$bNPL$cIRL$j59 [1863]
=852  41$31861$aBritish Library$bNPL$cIRL$j29 [1861]
=852  41$31862$aBritish Library$bNPL$cIRL$j55 [1862]
=852  41$31864$aBritish Library$bNPL$cIRL$j54 [1864]
=852  41$31865$aBritish Library$bNPL$cIRL$j34 [1865]
=852  41$31866$aBritish Library$bNPL$cIRL$j40 [1866]
=852  41$31867$aBritish Library$bNPL$cIRL$j28 [1867]
=852  41$31868$aBritish Library$bNPL$cIRL$j11 [1868]
=852  41$31869$aBritish Library$bNPL$cIRL$j46 [1869]
=852  41$31870$aBritish Library$bNPL$cIRL$j19 [1870]
=852  41$31871$aBritish Library$bNPL$cIRL$j67 [1871]
=852  41$31872$aBritish Library$bNPL$cIRL$j66 [1872]
=852  41$31873$aBritish Library$bNPL$cIRL$j1 [1873]
=852  41$31879$aBritish Library$bNPL$cIRL$j68 [1879]
=852  41$31880$aBritish Library$bNPL$cIRL$j74 [1880]
=852  41$31881$aBritish Library$bNPL$cIRL$j13 [1881]
=852  41$31882$aBritish Library$bNPL$cIRL$j43 [1882]
=852  41$31883$aBritish Library$bNPL$cIRL$j59 [1883]
=852  41$31884$aBritish Library$bNPL$cIRL$j15 [1884]
=852  41$31886$aBritish Library$bNPL$cIRL$j47 [1886]
=852  41$31888$aBritish Library$bNPL$cIRL$j75 [1888]
=852  41$31889$aBritish Library$bNPL$cIRL$j51 [1889]
=852  41$31856$aBritish Library$bNPL$cIRL$j55 [1856]
=852  41$31857$aBritish Library$bNPL$cIRL$j19 [1857]
=852  41$31858$aBritish Library$bNPL$cIRL$j20A [1858]
=852  41$31859$aBritish Library$bNPL$cIRL$j39A [1859]
=852  41$31860$aBritish Library$bNPL$cIRL$j41 [1860]
=852  41$31864$aBritish Library$bNPL$cIRL$j47 [1864]
=852  41$31866$aBritish Library$bNPL$cIRL$j82 [1866]
=852  41$31867$aBritish Library$bNPL$cIRL$j83 [1867]
=852  41$31868$aBritish Library$bNPL$cIRL$j90 [1868]
=852  41$31869$aBritish Library$bNPL$cIRL$j103 [1869]
=852  41$31870$aBritish Library$bNPL$cIRL$j99 [1870]
=852  41$31887$aBritish Library$bNPL$cIRL$j5 [1887]
=852  41$31889$aBritish Library$bNPL$cIRL$j79 [1889]
=852  41$31890$aBritish Library$bNPL$cIRL$j65 [1890]
=852  41$31891$aBritish Library$bNPL$cIRL$j64 [1891]
=852  41$31892$aBritish Library$bNPL$cIRL$j20 [1892]
=852  41$31893$aBritish Library$bNPL$cIRL$j99 [1893]
=852  41$31894$aBritish Library$bNPL$cIRL$j29 [1894]
=852  41$31895$aBritish Library$bNPL$cIRL$j74 [1895]
=852  41$aBritish Library$bNPL$jNEWS shelfmarks - see explore.bl.uk for full holdings
=852  41$aBritish Library$bHMNTS$zMicroform.$jMFM shelfmarks - see explore.bl.uk for full holdings
=985  \\$aDisaggregated Record: NPL
=985  \\$aUpgraded by BSS-generated file for WR2009-0365
=CAT  \\$aBATCH-NPL$b00$c20070912$lBLL01$h1136
=CAT  \\$aBATCH-856$b50$c20220207$lBLL01$h0756
=CAT  \\$aBATCH-UPD$b50$c20220207$lBLL01$h0815
=CAT  \\$aBATCH-856$b50$c20220214$lBLL01$h0937
=CAT  \\$aBATCH-UPD$b50$c20220214$lBLL01$h0957
=CAT  \\$aBATCH-856$b50$c20220301$lBLL01$h1510
=CAT  \\$aBATCH-UPD$b50$c20220301$lBLL01$h1525
=CAT  \\$aRESET-LEV$b50$c20220302$lBLL01$h0055
=CAT  \\$aRESET-LEV$b50$c20220402$lBLL01$h1727
=CAT  \\$aRESET-LEV$b50$c20220502$lBLL01$h0241
=CAT  \\$aRESET-LEV$b50$c20220602$lBLL01$h2125
=CAT  \\$aRESET-LEV$b50$c20220702$lBLL01$h1728
=CAT  \\$aRESET-LEV$b50$c20220802$lBLL01$h0353
=CAT  \\$aRESET-LEV$b50$c20220902$lBLL01$h2221
=CAT  \\$aRESET-LEV$b50$c20221003$lBLL01$h0414
=CAT  \\$aRESET-LEV$b50$c20221102$lBLL01$h0233
=CAT  \\$aRESET-LEV$b50$c20221202$lBLL01$h2224
=CAT  \\$aRESET-LEV$b50$c20230102$lBLL01$h0259
=CAT  \\$aRESET-LEV$b50$c20230202$lBLL01$h2127
=CAT  \\$aRESET-LEV$b50$c20230302$lBLL01$h2135
=CAT  \\$aRESET-LEV$b50$c20230403$lBLL01$h0240
=CAT  \\$aRESET-LEV$b50$c20230502$lBLL01$h0324
=CAT  \\$aRESET-LEV$b50$c20230602$lBLL01$h2226
=CAT  \\$aRESET-LEV$b50$c20230703$lBLL01$h0507
=CAT  \\$aRESET-LEV$b50$c20230802$lBLL01$h0209
=CAT  \\$aRESET-LEV$b50$c20230902$lBLL01$h1739
=CAT  \\$aRESET-LEV$b50$c20231002$lBLL01$h0443
=FIN  \\$aY
=LEO  \\$aMP35.0000110411.3
=NID  \\$aNID0012042
=SRC  \\$aNPLv17$bbibmp35.20070831.aa
=TCO  \\$aZZZ$c008
=LAS  \\$aRESET-LEV$b50$c20231002$lBLL01$h0443

