=LDR  04424cas a2200949u  4500
=001  013903537
=003  Uk
=005  20220301151013.0
=008  950421d18641865||||||n|||\\\\0\\\||eng\\
=FMT  \\$a  SE
=019  n\$aNLC0011208
=040  \\$aUk$cUk
=082  04$a072.164$222
=245  00$aSouth London Times and Lambeth Observer.
=336  \\$atext$2rdacontent
=337  \\$aunmediated$2rdamedia
=338  \\$avolume$2rdacarrier
=651  \0$aSouthwark (London, England)$vNewspapers.
=752  \\$aEngland$dLondon$fSouthwark.$2blnpn
=780  00$tLambeth Observer, The South London Times, etc$gno.75-402 (17 April 1858-6 Aug.1864)$w013903536
=866  \0$aNewspapers :no.403-429 (17 Aug.1864-18 Feb.1865)
=883  0\$aLanguage codes assigned by Bayesian analysis of words present in record$d20200826$qUk$c0.9919
=856  42$31864-1865$uhttp://www.britishnewspaperarchive.co.uk/search/results?TitleId=BL/0003257$yBritish Newspaper Archive
=852  41$31858-1864$aBritish Library$bNPL$jNEWS7765
=852  41$31861$aBritish Library$bHMNTS$zMicroform.$jMFM.M35913 [1861]
=852  41$31862$aBritish Library$bHMNTS$zMicroform.$jMFM.M72120 [1862]
=852  \\$aBritish Library$bNPL$cLON
=852  41$31877$aBritish Library$bHMNTS$zMicroform.$jMFM.M33742 [1877]
=852  41$31889$aBritish Library$bHMNTS$zMicroform.$jMFM.M29195 [1889]
=852  41$31893$aBritish Library$bHMNTS$zMicroform.$jMFM.M29413 [1893]
=852  41$31856$aBritish Library$bHMNTS$zMicroform.$jMFM.M82639 [1856]
=852  41$31857$aBritish Library$bHMNTS$zMicroform.$jMFM.M82640 [1857]
=852  41$31858$aBritish Library$bHMNTS$zMicroform.$jMFM.M82641 [1858]
=852  41$31859$aBritish Library$bHMNTS$zMicroform.$jMFM.M82642 [1859]
=852  41$31860$aBritish Library$bHMNTS$zMicroform.$jMFM.M82643 [1860]
=852  41$31861$aBritish Library$bHMNTS$zMicroform.$jMFM.M82644 [1861]
=852  41$31862$aBritish Library$bHMNTS$zMicroform.$jMFM.M82645 [1862]
=852  41$31863$aBritish Library$bHMNTS$zMicroform.$jMFM.M82646 [1863]
=852  41$31864$aBritish Library$bHMNTS$zMicroform.$jMFM.M82647 [1864]
=852  41$31865$aBritish Library$bHMNTS$zMicroform.$jMFM.M82648 [1865]
=852  41$31866$aBritish Library$bHMNTS$zMicroform.$jMFM.M82649 [1866]
=852  41$31867$aBritish Library$bHMNTS$zMicroform.$jMFM.M82650 [1867]
=852  41$31868$aBritish Library$bHMNTS$zMicroform.$jMFM.M82651 [1868]
=852  41$31869$aBritish Library$bHMNTS$zMicroform.$jMFM.M82652 [1869]
=852  41$31870$aBritish Library$bHMNTS$zMicroform.$jMFM.M82653 [1870]
=852  41$31856-1902$aBritish Library$bNPL$jNEWS10955
=852  41$31893$aBritish Library$bNPL$cLON$jLD40$xBound with Sunday Times
=985  \\$aDisaggregated Record: NPL
=985  \\$aUpgraded by BSS-generated file for WR2009-0365
=CAT  \\$aBATCH-NPL$b00$c20070912$lBLL01$h1136
=CAT  \\$aBATCH-856$b50$c20220207$lBLL01$h0756
=CAT  \\$aBATCH-UPD$b50$c20220207$lBLL01$h0815
=CAT  \\$aBATCH-856$b50$c20220214$lBLL01$h0937
=CAT  \\$aBATCH-UPD$b50$c20220214$lBLL01$h0957
=CAT  \\$aBATCH-856$b50$c20220301$lBLL01$h1510
=CAT  \\$aBATCH-UPD$b50$c20220301$lBLL01$h1525
=CAT  \\$aRESET-LEV$b50$c20220302$lBLL01$h0055
=CAT  \\$aRESET-LEV$b50$c20220402$lBLL01$h1727
=CAT  \\$aRESET-LEV$b50$c20220502$lBLL01$h0241
=CAT  \\$aRESET-LEV$b50$c20220602$lBLL01$h2126
=CAT  \\$aRESET-LEV$b50$c20220702$lBLL01$h1728
=CAT  \\$aRESET-LEV$b50$c20220802$lBLL01$h0353
=CAT  \\$aRESET-LEV$b50$c20220902$lBLL01$h2221
=CAT  \\$aRESET-LEV$b50$c20221003$lBLL01$h0414
=CAT  \\$aRESET-LEV$b50$c20221102$lBLL01$h0233
=CAT  \\$aRESET-LEV$b50$c20221202$lBLL01$h2224
=CAT  \\$aRESET-LEV$b50$c20230102$lBLL01$h0259
=CAT  \\$aRESET-LEV$b50$c20230202$lBLL01$h2127
=CAT  \\$aRESET-LEV$b50$c20230302$lBLL01$h2135
=CAT  \\$aRESET-LEV$b50$c20230403$lBLL01$h0241
=CAT  \\$aRESET-LEV$b50$c20230502$lBLL01$h0324
=CAT  \\$aRESET-LEV$b50$c20230602$lBLL01$h2226
=CAT  \\$aRESET-LEV$b50$c20230703$lBLL01$h0507
=CAT  \\$aRESET-LEV$b50$c20230802$lBLL01$h0209
=CAT  \\$aRESET-LEV$b50$c20230902$lBLL01$h1739
=CAT  \\$aRESET-LEV$b50$c20231002$lBLL01$h0443
=FIN  \\$aY
=LEO  \\$aMP35.0000111010.2
=NID  \\$aNID0012672
=SRC  \\$aNPLv17$bbibmp35.20070831.aa
=TCO  \\$aZZZ$c008
=LAS  \\$aRESET-LEV$b50$c20231002$lBLL01$h0443

