=LDR  03535cas a2200781u  4500
=001  013903611
=003  Uk
=005  20220301151013.0
=008  950421d18571928||||||n|||\\\\0\\\||eng\\
=FMT  \\$a  SE
=019  n\$aNLC0011272
=040  \\$aUk$cUk
=082  04$a072.15$222
=245  04$aThe East London Observer, etc.
=336  \\$atext$2rdacontent
=337  \\$aunmediated$2rdamedia
=338  \\$avolume$2rdacarrier
=500  \\$aMicrofilm: 1891-1910.
=651  \0$aTower Hamlets (London, England)$vNewspapers.
=752  \\$aEngland$dLondon$fTower Hamlets.$2blnpn
=785  00$tCity and East London Observer, etc$gno.3479-5107 (3 Nov.1928-17 Nov.1944)$w013903612
=866  \0$aNewspapers :no.1-3478 (19 Sept.1857-27 Oct.1928)
=883  0\$aLanguage codes assigned by Bayesian analysis of words present in record$d20200826$qUk$c0.9919
=856  42$31857-1875, 1877-1928$uhttp://www.britishnewspaperarchive.co.uk/search/results?TitleId=BL/0000442$yBritish Newspaper Archive
=852  41$31863; Unfit for use$aBritish Library$bNPL$cLON$jLD12$xWith Sporting Life
=852  41$31863$aBritish Library$bNPL$jLD12$xBound with Sporting Life
=852  41$31863; Unfit for use$aBritish Library$bNPL$cLON$jLD12$xWith Sporting Life
=852  41$31867$aBritish Library$bNPL$cLON$jLD13$xBound with Sportsman
=852  41$31883; Unfit for use$aBritish Library$bNPL$cEW$j1752 [1883]
=852  \\$aBritish Library$bNPL$cLON
=852  41$aBritish Library$bNPL$jNEWS shelfmarks - see explore.bl.uk for full holdings
=852  41$aBritish Library$bHMNTS$zMicroform.$jMFM shelfmarks - see explore.bl.uk for full holdings
=985  \\$aDisaggregated Record: NPL
=985  \\$aUpgraded by BSS-generated file for WR2009-0365
=CAT  \\$aBATCH-NPL$b00$c20070912$lBLL01$h1136
=CAT  \\$aBATCH-856$b50$c20220207$lBLL01$h0756
=CAT  \\$aBATCH-UPD$b50$c20220207$lBLL01$h0815
=CAT  \\$aBATCH-856$b50$c20220214$lBLL01$h0937
=CAT  \\$aBATCH-UPD$b50$c20220214$lBLL01$h0957
=CAT  \\$aBATCH-856$b50$c20220301$lBLL01$h1510
=CAT  \\$aBATCH-UPD$b50$c20220301$lBLL01$h1525
=CAT  \\$aRESET-LEV$b50$c20220302$lBLL01$h0055
=CAT  \\$aRESET-LEV$b50$c20220402$lBLL01$h1727
=CAT  \\$aRESET-LEV$b50$c20220502$lBLL01$h0241
=CAT  \\$aRESET-LEV$b50$c20220602$lBLL01$h2126
=CAT  \\$aRESET-LEV$b50$c20220702$lBLL01$h1728
=CAT  \\$aRESET-LEV$b50$c20220802$lBLL01$h0353
=CAT  \\$aRESET-LEV$b50$c20220902$lBLL01$h2221
=CAT  \\$aRESET-LEV$b50$c20221003$lBLL01$h0414
=CAT  \\$aRESET-LEV$b50$c20221102$lBLL01$h0233
=CAT  \\$aRESET-LEV$b50$c20221202$lBLL01$h2224
=CAT  \\$aRESET-LEV$b50$c20230102$lBLL01$h0259
=CAT  \\$aRESET-LEV$b50$c20230202$lBLL01$h2127
=CAT  \\$aRESET-LEV$b50$c20230302$lBLL01$h2135
=CAT  \\$aRESET-LEV$b50$c20230403$lBLL01$h0241
=CAT  \\$aRESET-LEV$b50$c20230502$lBLL01$h0324
=CAT  \\$aRESET-LEV$b50$c20230602$lBLL01$h2226
=CAT  \\$aRESET-LEV$b50$c20230703$lBLL01$h0507
=CAT  \\$aRESET-LEV$b50$c20230802$lBLL01$h0209
=CAT  \\$aRESET-LEV$b50$c20230902$lBLL01$h1740
=CAT  \\$aRESET-LEV$b50$c20231002$lBLL01$h0443
=FIN  \\$aY
=LEO  \\$aMP35.0000111073
=LKR  \\$aPAR$lBLL01$r78500$nCity and East London Observer, etc - no.3479-5107 (3 Nov.1928-17 Nov.1944)$b013903612$mThe East London Observer, etc. - no.1-3478 (19 Sept.1857-27 Oct.1928)
=NID  \\$aNID0012735
=SRC  \\$aNPLv17$bbibmp35.20070831.aa
=TCO  \\$aZZZ$c008
=LAS  \\$aRESET-LEV$b50$c20231002$lBLL01$h0443

