=LDR  03584cas a2200745u  4500
=001  013903632
=003  Uk
=005  20220301151013.0
=008  950421d18691884||||||n|||\\\\0\\\||eng\\
=FMT  \\$a  SE
=019  n\$aNLC0011290
=040  \\$aUk$cUk
=082  04$a072.15$222
=245  04$aThe Tower Hamlets Independent General East-End Advertiser.
=336  \\$atext$2rdacontent
=337  \\$aunmediated$2rdamedia
=338  \\$avolume$2rdacarrier
=500  \\$aMicrofilm: 1869-1884.
=651  \0$aTower Hamlets (London, England)$vNewspapers.
=752  \\$aEngland$dLondon$fTower Hamlets.$2blnpn
=780  00$tTower Hamlets Independent and General East-End Advertiser$gno.3-130 (1 Dec.1866-8 May 1869)$w013903631
=785  00$tEast London Advertiser, and Tower Hamlets Independent$gno.927-1826 (3 Jan.1885-4 Aug.1900)$w013903633
=866  \0$aNewspapers :no.131-139,141,156-159,177-309,319-926 (15 May-10,24 July,6-27 Nov.1869; 2 April 1870-23 Nov.1872; 22 Feb.1873-27 Dec.1884)
=883  0\$aLanguage codes assigned by Bayesian analysis of words present in record$d20200826$qUk$c0.9919
=856  42$31871-1884$uhttp://www.britishnewspaperarchive.co.uk/search/results?TitleId=BL/0003192$yBritish Newspaper Archive
=852  \\$aBritish Library$bNPL$cLON
=852  41$31893$aBritish Library$bNPL$cLON$jLD40$xBound with Sunday Times
=852  41$aBritish Library$bNPL$jNEWS shelfmarks - see explore.bl.uk for full holdings
=852  41$aBritish Library$bHMNTS$zMicroform.$jMFM shelfmarks - see explore.bl.uk for full holdings
=985  \\$aDisaggregated Record: NPL
=985  \\$aUpgraded by BSS-generated file for WR2009-0365
=CAT  \\$aBATCH-NPL$b00$c20070912$lBLL01$h1136
=CAT  \\$aBATCH-856$b50$c20220207$lBLL01$h0756
=CAT  \\$aBATCH-UPD$b50$c20220207$lBLL01$h0815
=CAT  \\$aBATCH-856$b50$c20220214$lBLL01$h0937
=CAT  \\$aBATCH-UPD$b50$c20220214$lBLL01$h0957
=CAT  \\$aBATCH-856$b50$c20220301$lBLL01$h1510
=CAT  \\$aBATCH-UPD$b50$c20220301$lBLL01$h1525
=CAT  \\$aRESET-LEV$b50$c20220302$lBLL01$h0055
=CAT  \\$aRESET-LEV$b50$c20220402$lBLL01$h1727
=CAT  \\$aRESET-LEV$b50$c20220502$lBLL01$h0242
=CAT  \\$aRESET-LEV$b50$c20220602$lBLL01$h2126
=CAT  \\$aRESET-LEV$b50$c20220702$lBLL01$h1728
=CAT  \\$aRESET-LEV$b50$c20220802$lBLL01$h0353
=CAT  \\$aRESET-LEV$b50$c20220902$lBLL01$h2221
=CAT  \\$aRESET-LEV$b50$c20221003$lBLL01$h0414
=CAT  \\$aRESET-LEV$b50$c20221102$lBLL01$h0233
=CAT  \\$aRESET-LEV$b50$c20221202$lBLL01$h2224
=CAT  \\$aRESET-LEV$b50$c20230102$lBLL01$h0259
=CAT  \\$aRESET-LEV$b50$c20230202$lBLL01$h2127
=CAT  \\$aRESET-LEV$b50$c20230302$lBLL01$h2135
=CAT  \\$aRESET-LEV$b50$c20230403$lBLL01$h0241
=CAT  \\$aRESET-LEV$b50$c20230502$lBLL01$h0324
=CAT  \\$aRESET-LEV$b50$c20230602$lBLL01$h2226
=CAT  \\$aRESET-LEV$b50$c20230703$lBLL01$h0507
=CAT  \\$aRESET-LEV$b50$c20230802$lBLL01$h0209
=CAT  \\$aRESET-LEV$b50$c20230902$lBLL01$h1740
=CAT  \\$aRESET-LEV$b50$c20231002$lBLL01$h0443
=FIN  \\$aY
=LEO  \\$aMP35.0000111091.2
=LKR  \\$aPAR$lBLL01$r78500$nEast London Advertiser, and Tower Hamlets Independent - no.927-1826 (3 Jan.1885-4 Aug.1900)$b013903633$mThe Tower Hamlets Independent General East-End Advertiser. - no.131-139,141,156-159,177-309,319-926 (15 May-10,24 July,6-27 Nov.1869; 2 April 1870-23 Nov.1872; 22 Feb.1873-27 Dec.1884)
=NID  \\$aNID0012755
=SRC  \\$aNPLv17$bbibmp35.20070831.aa
=TCO  \\$aZZZ$c008
=LAS  \\$aRESET-LEV$b50$c20231002$lBLL01$h0443

