=LDR  06076cas a2201201u  4500
=001  013905733
=003  Uk
=005  20220301151015.0
=008  950421d17911838|||wr|n|||\\\\0\\\||eng\\
=FMT  \\$a  SE
=019  n\$aNLC0015051
=040  \\$aUk$cUk
=082  04$a072.234$222
=245  00$aKentish Chronicle.
=336  \\$atext$2rdacontent
=337  \\$aunmediated$2rdamedia
=338  \\$avolume$2rdacarrier
=651  \0$aCanterbury (England)$vNewspapers.
=651  \0$aKent (England)$vNewspapers.
=752  \\$aEngland$bKent$dCanterbury.$2blnpn
=780  00$tKentish Chronicle and Canterbury Journal$gno.1028-1186 (27 May 1788 - 7 June 1791)$w013905732
=866  \0$aNewspapers :no.1187-5518 (June 1791 - 21 Nov.1838)
=856  42$31794-1831, 1833-1838$uhttp://www.britishnewspaperarchive.co.uk/search/results?TitleId=BL/0001409$yBritish Newspaper Archive
=852  41$31837$aBritish Library$bHMNTS$zJan-30 Dec 1837$zMicroform.$jMFM.M87919 [1837]
=852  41$31836-1839$aBritish Library$bNPL$jNEWS8469
=852  41$31836$aBritish Library$bHMNTS$z8 Oct-Dec 1836$zMicroform.$jMFM.M87919 [1836]
=852  41$31839$aBritish Library$bHMNTS$z5 Jan-8 Jun 1839$zMicroform.$jMFM.M87921 [1839]
=852  41$31838$aBritish Library$bHMNTS$zMicroform.$jMFM.M87920 [1838]
=852  41$31799$aBritish Library$bHMNTS$zMicroform.$jMFM.M75087 [1799]
=852  41$31800$aBritish Library$bHMNTS$zMicroform.$jMFM.M75088 [1800]
=852  41$31801$aBritish Library$bHMNTS$zMicroform.$jMFM.M75089 [1801]
=852  41$31802-1803$aBritish Library$bHMNTS$zMicroform.$jMFM.M75090 [1802-1803]
=852  41$31825$aBritish Library$bHMNTS$zMicroform.$jMFM.M75111 [1825]
=852  41$31826$aBritish Library$bHMNTS$zMicroform.$jMFM.M75112 [1826]
=852  41$31827$aBritish Library$bHMNTS$zMicroform.$jMFM.M75113 [1827]
=852  41$31828-1829$aBritish Library$bHMNTS$zMicroform.$jMFM.M75114 [1828-1829]
=852  41$31830-1831$aBritish Library$bHMNTS$zMicroform.$jMFM.M75115 [1830-1831]
=852  41$31833-1834$aBritish Library$bHMNTS$zMicroform.$jMFM.M75116 [1833-1834]
=852  41$31835-1836$aBritish Library$bHMNTS$zMicroform.$jMFM.M75117 [1835-1836]
=852  41$31837-1838$aBritish Library$bHMNTS$zMicroform.$jMFM.M75118 [1837-1838]
=852  \\$aBritish Library$bNPL$cEW
=852  41$31794-1795$aBritish Library$bHMNTS$zMicroform.$jMFM.M75084 [1794-1795]
=852  41$31796-1797$aBritish Library$bHMNTS$zMicroform.$jMFM.M75085 [1796-1797]
=852  41$31798$aBritish Library$bHMNTS$zMicroform.$jMFM.M75086 [1798]
=852  41$31791-1792$aBritish Library$bHMNTS$zMicroform.$jMFM.M75082 [1791-1792]
=852  41$31793$aBritish Library$bHMNTS$zMicroform.$jMFM.M75083 [1793]
=852  41$31832$aBritish Library$bHMNTS$zMicroform.$jMFM.M39217 [1832]
=852  41$31791-1830$aBritish Library$bNPL$jPENN.P7
=852  41$31804-1805$aBritish Library$bHMNTS$zMicroform.$jMFM.M75091 [1804-1805]
=852  41$31806$aBritish Library$bHMNTS$zMicroform.$jMFM.M75092 [1806]
=852  41$31807$aBritish Library$bHMNTS$zMicroform.$jMFM.M75093 [1807]
=852  41$31808$aBritish Library$bHMNTS$zMicroform.$jMFM.M75094 [1808]
=852  41$31809$aBritish Library$bHMNTS$zMicroform.$jMFM.M75095 [1809]
=852  41$31810$aBritish Library$bHMNTS$zMicroform.$jMFM.M75096 [1810]
=852  41$31811$aBritish Library$bHMNTS$zMicroform.$jMFM.M75097 [1811]
=852  41$31812$aBritish Library$bHMNTS$zMicroform.$jMFM.M75098 [1812]
=852  41$31813$aBritish Library$bHMNTS$zMicroform.$jMFM.M75099 [1813]
=852  41$31814$aBritish Library$bHMNTS$zMicroform.$jMFM.M75100 [1814]
=852  41$31816$aBritish Library$bHMNTS$zMicroform.$jMFM.M75102 [1816]
=852  41$31815$aBritish Library$bHMNTS$zMicroform.$jMFM.M75101 [1815]
=852  41$31817$aBritish Library$bHMNTS$zMicroform.$jMFM.M75103 [1817]
=852  41$31818$aBritish Library$bHMNTS$zMicroform.$jMFM.M75104 [1818]
=852  41$31819$aBritish Library$bHMNTS$zMicroform.$jMFM.M75105 [1819]
=852  41$31820$aBritish Library$bHMNTS$zMicroform.$jMFM.M75106 [1820]
=852  41$31821$aBritish Library$bHMNTS$zMicroform.$jMFM.M75107 [1821]
=852  41$31822$aBritish Library$bHMNTS$zMicroform.$jMFM.M75108 [1822]
=852  41$31823$aBritish Library$bHMNTS$zMicroform.$jMFM.M75109 [1823]
=852  41$31824$aBritish Library$bHMNTS$zMicroform.$jMFM.M75110 [1824]
=852  41$31831-1838$aBritish Library$bNPL$jNEWS8482
=985  \\$aDisaggregated Record: NPL
=CAT  \\$aBATCH-NPL$b00$c20070912$lBLL01$h1138
=CAT  \\$aBATCH-856$b50$c20220207$lBLL01$h0756
=CAT  \\$aBATCH-UPD$b50$c20220207$lBLL01$h0816
=CAT  \\$aBATCH-856$b50$c20220214$lBLL01$h0937
=CAT  \\$aBATCH-UPD$b50$c20220214$lBLL01$h0958
=CAT  \\$aBATCH-856$b50$c20220301$lBLL01$h1510
=CAT  \\$aBATCH-UPD$b50$c20220301$lBLL01$h1526
=CAT  \\$aRESET-LEV$b50$c20220302$lBLL01$h0055
=CAT  \\$aRESET-LEV$b50$c20220402$lBLL01$h1727
=CAT  \\$aRESET-LEV$b50$c20220502$lBLL01$h0242
=CAT  \\$aRESET-LEV$b50$c20220602$lBLL01$h2126
=CAT  \\$aRESET-LEV$b50$c20220702$lBLL01$h1729
=CAT  \\$aRESET-LEV$b50$c20220802$lBLL01$h0353
=CAT  \\$aRESET-LEV$b50$c20220902$lBLL01$h2221
=CAT  \\$aRESET-LEV$b50$c20221003$lBLL01$h0414
=CAT  \\$aRESET-LEV$b50$c20221102$lBLL01$h0233
=CAT  \\$aRESET-LEV$b50$c20221202$lBLL01$h2225
=CAT  \\$aRESET-LEV$b50$c20230102$lBLL01$h0300
=CAT  \\$aRESET-LEV$b50$c20230202$lBLL01$h2127
=CAT  \\$aRESET-LEV$b50$c20230302$lBLL01$h2135
=CAT  \\$aRESET-LEV$b50$c20230403$lBLL01$h0241
=CAT  \\$aRESET-LEV$b50$c20230502$lBLL01$h0324
=CAT  \\$aRESET-LEV$b50$c20230602$lBLL01$h2226
=CAT  \\$aRESET-LEV$b50$c20230703$lBLL01$h0508
=CAT  \\$aRESET-LEV$b50$c20230802$lBLL01$h0209
=CAT  \\$aRESET-LEV$b50$c20230902$lBLL01$h1740
=CAT  \\$aRESET-LEV$b50$c20231002$lBLL01$h0444
=FIN  \\$aY
=LEO  \\$aMP35.0000114792.4
=NID  \\$aNID0013903
=SRC  \\$aNPLv17$bbibmp35.20070831.aa
=TCO  \\$aZZZ$c008
=LAS  \\$aRESET-LEV$b50$c20231002$lBLL01$h0444

