=LDR  03698cas a2200805u  4500
=001  013905900
=003  Uk
=005  20220301151015.0
=008  950421d18391908||||||n|||\\\\0\\\||eng\\
=FMT  \\$a  SE
=019  n\$aNLC0015230
=040  \\$aUk$cUk
=082  04$a072.416$222
=245  04$aThe Cheltenham Examiner, Gloucester, Stroud, Tewkesbury . . . Guardian.
=336  \\$atext$2rdacontent
=337  \\$aunmediated$2rdamedia
=338  \\$avolume$2rdacarrier
=500  \\$aMicrofilm only: 1873,1897.
=651  \0$aCheltenham (England)$vNewspapers.
=651  \0$aGloucestershire (England)$vNewspapers.
=752  \\$aEngland$bGloucestershire$dCheltenham.$2blnpn
=785  00$tCheltenham Examiner, and Cheltenham Free Press and Cotswold News$gno.3594-3878 (2 July 1908 - 25 Dec.1913)$w013905901
=866  \0$aNewspapers :no.1-3593 (17 July 1839 - 24 June 1908)
=856  42$31839-1908$uhttp://www.britishnewspaperarchive.co.uk/search/results?TitleId=BL/0002212$yBritish Newspaper Archive
=852  41$31871$aBritish Library$bNPL$cEW$j365 [1871]
=852  41$31871$aBritish Library$bNPL$cEW$j494 [1871]
=852  41$31885; Unfit for use$aBritish Library$bNPL$cEW$j985 [1885]
=852  41$31897$aBritish Library$bNPL$cEW$j2144 [1897]
=852  41$31899$aBritish Library$bNPL$cEW$j711 [1899]
=852  41$31880$aBritish Library$bNPL$cEW$j409 [1880]
=852  41$31880$aBritish Library$bNPL$cEW$j409 [1880]
=852  \\$aBritish Library$bNPL$cEW
=852  41$aBritish Library$bNPL$jNEWS shelfmarks - see explore.bl.uk for full holdings
=852  41$aBritish Library$bHMNTS$zMicroform.$jMFM shelfmarks - see explore.bl.uk for full holdings
=852  41$aBritish Library$bNPL$jPENN shelfmarks - see explore.bl.uk for full holdings
=985  \\$aUpgraded by BSS-generated file for WR1910-0531
=CAT  \\$aBATCH-NPL$b00$c20070912$lBLL01$h1138
=CAT  \\$aBATCH-856$b50$c20220207$lBLL01$h0756
=CAT  \\$aBATCH-UPD$b50$c20220207$lBLL01$h0816
=CAT  \\$aBATCH-856$b50$c20220214$lBLL01$h0937
=CAT  \\$aBATCH-UPD$b50$c20220214$lBLL01$h0959
=CAT  \\$aBATCH-856$b50$c20220301$lBLL01$h1510
=CAT  \\$aBATCH-UPD$b50$c20220301$lBLL01$h1526
=CAT  \\$aRESET-LEV$b50$c20220302$lBLL01$h0055
=CAT  \\$aRESET-LEV$b50$c20220402$lBLL01$h1727
=CAT  \\$aRESET-LEV$b50$c20220502$lBLL01$h0242
=CAT  \\$aRESET-LEV$b50$c20220602$lBLL01$h2126
=CAT  \\$aRESET-LEV$b50$c20220702$lBLL01$h1729
=CAT  \\$aRESET-LEV$b50$c20220802$lBLL01$h0353
=CAT  \\$aRESET-LEV$b50$c20220902$lBLL01$h2221
=CAT  \\$aRESET-LEV$b50$c20221003$lBLL01$h0414
=CAT  \\$aRESET-LEV$b50$c20221102$lBLL01$h0233
=CAT  \\$aRESET-LEV$b50$c20221202$lBLL01$h2225
=CAT  \\$aRESET-LEV$b50$c20230102$lBLL01$h0300
=CAT  \\$aRESET-LEV$b50$c20230202$lBLL01$h2127
=CAT  \\$aRESET-LEV$b50$c20230302$lBLL01$h2135
=CAT  \\$aRESET-LEV$b50$c20230403$lBLL01$h0241
=CAT  \\$aRESET-LEV$b50$c20230502$lBLL01$h0324
=CAT  \\$aRESET-LEV$b50$c20230602$lBLL01$h2226
=CAT  \\$aRESET-LEV$b50$c20230703$lBLL01$h0508
=CAT  \\$aRESET-LEV$b50$c20230802$lBLL01$h0209
=CAT  \\$aRESET-LEV$b50$c20230902$lBLL01$h1740
=CAT  \\$aRESET-LEV$b50$c20231002$lBLL01$h0444
=FIN  \\$aY
=LEO  \\$aMP35.0000114969
=LKR  \\$aPAR$lBLL01$r78500$nCheltenham Examiner, and Cheltenham Free Press and Cotswold News - no.3594-3878 (2 July 1908 - 25 Dec.1913)$b013905901$mThe Cheltenham Examiner, Gloucester, Stroud, Tewkesbury . . . Guardian. - no.1-3593 (17 July 1839 - 24 June 1908)
=NID  \\$aNID0014040
=SRC  \\$aNPLv17$bbibmp35.20070831.aa
=TCO  \\$aZZZ$c008
=LAS  \\$aRESET-LEV$b50$c20231002$lBLL01$h0444

