=LDR  04813cas a2200961u  4500
=001  013906338
=003  Uk
=005  20220301151016.0
=008  950421d18741875|||wr|n|||\\\\0\\\||eng\\
=FMT  \\$a  SE
=019  n\$aNLC0015556
=040  \\$aUk$cUk
=082  04$a072.735$222
=245  00$aDenton & Haughton Weekly News, and Audenshaw, Hooley Hill, and Dukinfield Advertiser.
=336  \\$atext$2rdacontent
=337  \\$aunmediated$2rdamedia
=338  \\$avolume$2rdacarrier
=651  0\$aDenton (Lancashire, England)$vNewspapers.
=651  0\$aGreater Manchester (England)$vNewspapers.
=752  \\$aEngland$bGreater Manchester$dDenton.$2blnpn
=780  00$tDenton, Haughton, & District Weekly News$gno.63-104 (5 June 1873 - 20 March 1874)$w013906337
=785  00$tDenton Examiner, Audenshaw, Hooley Hill and Dukinfield Advertiser$gno.200-321 (23 Oct.1875 - 23 Feb.1878)$w013906339
=866  \0$aNewspapers :no.105-199 (27 March 1874 - 15 Oct.1875)
=856  42$31874-1875$uhttp://www.britishnewspaperarchive.co.uk/search/results?TitleId=BL/0002618$yBritish Newspaper Archive
=852  41$31855-1875$aBritish Library$bNPL$jNEWS3889
=852  41$31856$aBritish Library$bHMNTS$zMicroform.$jMFM.M91426-27
=852  \\$aBritish Library$bNPL$cEW
=852  41$31855$aBritish Library$bHMNTS$z6 Oct-29 Dec 1855$zMicroform.$jMFM.M91425 [1855]
=852  41$31857$aBritish Library$bHMNTS$zMicroform.$jMFM.M91428 [1857]
=852  41$31858$aBritish Library$bHMNTS$zMicroform.$jMFM.M91429 [1858]
=852  41$31860$aBritish Library$bHMNTS$zMicroform.$jMFM.M91430 [1860]
=852  41$31861$aBritish Library$bHMNTS$zMicroform.$jMFM.M91431 [1861]
=852  41$31862$aBritish Library$bHMNTS$zMicroform.$jMFM.M91432 [1862]
=852  41$31863$aBritish Library$bHMNTS$zMicroform.$jMFM.M91433 [1863]
=852  41$31864$aBritish Library$bHMNTS$zMicroform.$jMFM.M91434 [1864]
=852  41$31865$aBritish Library$bHMNTS$zMicroform.$jMFM.M91435 [1865]
=852  41$31866$aBritish Library$bHMNTS$zMicroform.$jMFM.M91436 [1866]
=852  41$31867$aBritish Library$bHMNTS$zMicroform.$jMFM.M91437 [1867]
=852  41$31868$aBritish Library$bHMNTS$zMicroform.$jMFM.M91438 [1868]
=852  41$31869$aBritish Library$bHMNTS$zMicroform.$jMFM.M91439 [1869]
=852  41$31871$aBritish Library$bHMNTS$zMicroform.$jMFM.M91440 [1871]
=852  41$31872$aBritish Library$bHMNTS$zMicroform.$jMFM.M91441 [1872]
=852  41$31873$aBritish Library$bHMNTS$zMicroform.$jMFM.M91442 [1873]
=852  41$31874$aBritish Library$bHMNTS$zMicroform.$jMFM.M91443 [1874]
=852  41$31875$aBritish Library$bHMNTS$zMicroform.$jMFM.M91444 [1875]
=852  41$31859$aBritish Library$bHMNTS$zMicroform.$jMFM.M30743 [1859]
=852  41$31870$aBritish Library$bHMNTS$zMicroform.$jMFM.M23069 [1870]
=852  41$31874-1875$aBritish Library$bNPL$jNEWS8865
=985  \\$aUpgraded by BSS-generated file for WR1910-0531
=CAT  \\$aBATCH-NPL$b00$c20070912$lBLL01$h1138
=CAT  \\$aBATCH-856$b50$c20220207$lBLL01$h0756
=CAT  \\$aBATCH-UPD$b50$c20220207$lBLL01$h0817
=CAT  \\$aBATCH-856$b50$c20220214$lBLL01$h0937
=CAT  \\$aBATCH-UPD$b50$c20220214$lBLL01$h0959
=CAT  \\$aBATCH-856$b50$c20220301$lBLL01$h1510
=CAT  \\$aBATCH-UPD$b50$c20220301$lBLL01$h1527
=CAT  \\$aRESET-LEV$b50$c20220302$lBLL01$h0055
=CAT  \\$aRESET-LEV$b50$c20220402$lBLL01$h1727
=CAT  \\$aRESET-LEV$b50$c20220502$lBLL01$h0242
=CAT  \\$aRESET-LEV$b50$c20220602$lBLL01$h2126
=CAT  \\$aRESET-LEV$b50$c20220702$lBLL01$h1729
=CAT  \\$aRESET-LEV$b50$c20220802$lBLL01$h0353
=CAT  \\$aRESET-LEV$b50$c20220902$lBLL01$h2221
=CAT  \\$aRESET-LEV$b50$c20221003$lBLL01$h0414
=CAT  \\$aRESET-LEV$b50$c20221102$lBLL01$h0233
=CAT  \\$aRESET-LEV$b50$c20221202$lBLL01$h2225
=CAT  \\$aRESET-LEV$b50$c20230102$lBLL01$h0300
=CAT  \\$aRESET-LEV$b50$c20230202$lBLL01$h2127
=CAT  \\$aRESET-LEV$b50$c20230302$lBLL01$h2135
=CAT  \\$aRESET-LEV$b50$c20230403$lBLL01$h0241
=CAT  \\$aRESET-LEV$b50$c20230502$lBLL01$h0324
=CAT  \\$aRESET-LEV$b50$c20230602$lBLL01$h2226
=CAT  \\$aRESET-LEV$b50$c20230703$lBLL01$h0508
=CAT  \\$aRESET-LEV$b50$c20230802$lBLL01$h0210
=CAT  \\$aRESET-LEV$b50$c20230902$lBLL01$h1740
=CAT  \\$aRESET-LEV$b50$c20231002$lBLL01$h0444
=FIN  \\$aY
=LEO  \\$aMP35.0000115291.1
=LKR  \\$aPAR$lBLL01$r78500$nDenton Examiner, Audenshaw, Hooley Hill and Dukinfield Advertiser - no.200-321 (23 Oct.1875 - 23 Feb.1878)$b013906339$mDenton & Haughton Weekly News, and Audenshaw, Hooley Hill, and Dukinfield Advertiser. - no.105-199 (27 March 1874 - 15 Oct.1875)
=NID  \\$aNID0014421
=SRC  \\$aNPLv17$bbibmp35.20070831.aa
=TCO  \\$aZZZ$c008
=LAS  \\$aRESET-LEV$b50$c20231002$lBLL01$h0444

