=LDR  02968cas a2200721u  4500
=001  013906909
=003  Uk
=005  20220301151016.0
=008  950421d18331928||||||n|||\\\\0\\\||eng\\
=FMT  \\$a  SE
=019  n\$aNLC0016075
=040  \\$aUk$cUk
=082  04$a072.414$222
=245  00$aGloucestershire Chronicle.
=336  \\$atext$2rdacontent
=337  \\$aunmediated$2rdamedia
=338  \\$avolume$2rdacarrier
=500  \\$aIncorporated with "Gloucester Journal".
=500  \\$aWanting 21 Nov.-Dec.1896.
=500  \\$aMicrofilm Jan.-Dec.1880, Jan.-14 Nov.1896; Jan.-Dec.1911.
=651  \0$aGloucester (England)$vNewspapers.
=651  \0$aGloucestershire (England)$vNewspapers.
=752  \\$aEngland$bGloucestershire$dGloucester.$2blnpn
=866  \0$aNewspapers :no.1-4987 (6 July 1833 - 18 Sept.1928)
=856  42$31833-1928$uhttp://www.britishnewspaperarchive.co.uk/search/results?TitleId=BL/0000393$yBritish Newspaper Archive
=852  41$31871$aBritish Library$bNPL$cEW$j494 [1871]
=852  \\$aBritish Library$bNPL$cEW
=852  41$aBritish Library$bNPL$jNEWS shelfmarks - see explore.bl.uk for full holdings
=852  41$aBritish Library$bHMNTS$zMicroform.$jMFM shelfmarks - see explore.bl.uk for full holdings
=852  41$aBritish Library$bNPL$zBound With 1827. 1825$jPENN shelfmarks - see explore.bl.uk for full holdings
=CAT  \\$aBATCH-NPL$b00$c20070912$lBLL01$h1139
=CAT  \\$aBATCH-856$b50$c20220207$lBLL01$h0756
=CAT  \\$aBATCH-UPD$b50$c20220207$lBLL01$h0817
=CAT  \\$aBATCH-856$b50$c20220214$lBLL01$h0937
=CAT  \\$aBATCH-UPD$b50$c20220214$lBLL01$h1000
=CAT  \\$aBATCH-856$b50$c20220301$lBLL01$h1510
=CAT  \\$aBATCH-UPD$b50$c20220301$lBLL01$h1527
=CAT  \\$aRESET-LEV$b50$c20220302$lBLL01$h0055
=CAT  \\$aRESET-LEV$b50$c20220402$lBLL01$h1727
=CAT  \\$aRESET-LEV$b50$c20220502$lBLL01$h0242
=CAT  \\$aRESET-LEV$b50$c20220602$lBLL01$h2126
=CAT  \\$aRESET-LEV$b50$c20220702$lBLL01$h1729
=CAT  \\$aRESET-LEV$b50$c20220802$lBLL01$h0353
=CAT  \\$aRESET-LEV$b50$c20220902$lBLL01$h2222
=CAT  \\$aRESET-LEV$b50$c20221003$lBLL01$h0414
=CAT  \\$aRESET-LEV$b50$c20221102$lBLL01$h0233
=CAT  \\$aRESET-LEV$b50$c20221202$lBLL01$h2225
=CAT  \\$aRESET-LEV$b50$c20230102$lBLL01$h0300
=CAT  \\$aRESET-LEV$b50$c20230202$lBLL01$h2127
=CAT  \\$aRESET-LEV$b50$c20230302$lBLL01$h2135
=CAT  \\$aRESET-LEV$b50$c20230403$lBLL01$h0241
=CAT  \\$aRESET-LEV$b50$c20230502$lBLL01$h0324
=CAT  \\$aRESET-LEV$b50$c20230602$lBLL01$h2226
=CAT  \\$aRESET-LEV$b50$c20230703$lBLL01$h0508
=CAT  \\$aRESET-LEV$b50$c20230802$lBLL01$h0210
=CAT  \\$aRESET-LEV$b50$c20230902$lBLL01$h1741
=CAT  \\$aRESET-LEV$b50$c20231002$lBLL01$h0444
=FIN  \\$aY
=LEO  \\$aMP35.0000115799
=NID  \\$aNID0014951
=SRC  \\$aNPLv17$bbibmp35.20070831.aa
=TCO  \\$aZZZ$c008
=LAS  \\$aRESET-LEV$b50$c20231002$lBLL01$h0444

