=LDR  03139cas a2200721u  4500
=001  013907846
=003  Uk
=005  20220301151017.0
=008  950421d19011909||||||n|||\\\\0\\\||eng\\
=FMT  \\$a  SE
=019  n\$aNLC0016884
=040  \\$aUk$cUk
=082  04$a072.821$222
=245  00$aSheffield Daily Independent.
=336  \\$atext$2rdacontent
=337  \\$aunmediated$2rdamedia
=338  \\$avolume$2rdacarrier
=500  \\$aMicrofilm only: Jan.-April 1881; 1894; 1897; 1911; Oct.-Dec.1912.
=651  \0$aSheffield (England)$vNewspapers.
=651  \0$aSouth Yorkshire (England)$vNewspapers.
=752  \\$aEngland$bSouth Yorkshire$dSheffield.$2blnpn
=780  00$tSheffield and Rotherham Independent$gno.1000-14420 (23 March 1839 - 31 Jan.1901)$w013907845
=785  00$tSheffield Independent$gno.17172-24219 (4 Oct.1909 - 31 May 1932)$w013907847
=866  \0$aNewspapers :no.14421-17171 (1 Feb.1901- 2 Oct.1909)
=856  42$31901-1909, 1911$uhttp://www.britishnewspaperarchive.co.uk/search/results?TitleId=BL/0000763$yBritish Newspaper Archive
=852  \\$aBritish Library$bNPL$cEW
=852  41$aBritish Library$bNPL$jNEWS shelfmarks - see explore.bl.uk for full holdings
=852  41$aBritish Library$bHMNTS$zMicroform.$jMFM shelfmarks - see explore.bl.uk for full holdings
=985  \\$aDisaggregated Record: NPL
=CAT  \\$aBATCH-NPL$b00$c20070912$lBLL01$h1139
=CAT  \\$aBATCH-856$b50$c20220207$lBLL01$h0756
=CAT  \\$aBATCH-UPD$b50$c20220207$lBLL01$h0818
=CAT  \\$aBATCH-856$b50$c20220214$lBLL01$h0937
=CAT  \\$aBATCH-UPD$b50$c20220214$lBLL01$h1000
=CAT  \\$aBATCH-856$b50$c20220301$lBLL01$h1510
=CAT  \\$aBATCH-UPD$b50$c20220301$lBLL01$h1528
=CAT  \\$aRESET-LEV$b50$c20220302$lBLL01$h0055
=CAT  \\$aRESET-LEV$b50$c20220402$lBLL01$h1728
=CAT  \\$aRESET-LEV$b50$c20220502$lBLL01$h0242
=CAT  \\$aRESET-LEV$b50$c20220602$lBLL01$h2126
=CAT  \\$aRESET-LEV$b50$c20220702$lBLL01$h1729
=CAT  \\$aRESET-LEV$b50$c20220802$lBLL01$h0353
=CAT  \\$aRESET-LEV$b50$c20220902$lBLL01$h2222
=CAT  \\$aRESET-LEV$b50$c20221003$lBLL01$h0414
=CAT  \\$aRESET-LEV$b50$c20221102$lBLL01$h0233
=CAT  \\$aRESET-LEV$b50$c20221202$lBLL01$h2225
=CAT  \\$aRESET-LEV$b50$c20230102$lBLL01$h0300
=CAT  \\$aRESET-LEV$b50$c20230202$lBLL01$h2127
=CAT  \\$aRESET-LEV$b50$c20230302$lBLL01$h2136
=CAT  \\$aRESET-LEV$b50$c20230403$lBLL01$h0241
=CAT  \\$aRESET-LEV$b50$c20230502$lBLL01$h0324
=CAT  \\$aRESET-LEV$b50$c20230602$lBLL01$h2227
=CAT  \\$aRESET-LEV$b50$c20230703$lBLL01$h0508
=CAT  \\$aRESET-LEV$b50$c20230802$lBLL01$h0210
=CAT  \\$aRESET-LEV$b50$c20230902$lBLL01$h1741
=CAT  \\$aRESET-LEV$b50$c20231002$lBLL01$h0445
=FIN  \\$aY
=LEO  \\$aMP35.0000116595.3
=LKR  \\$aPAR$lBLL01$r78500$nSheffield Independent - no.17172-24219 (4 Oct.1909 - 31 May 1932)$b013907847$mSheffield Daily Independent. - no.14421-17171 (1 Feb.1901- 2 Oct.1909)
=NID  \\$aNID0015733
=SRC  \\$aNPLv17$bbibmp35.20070831.aa
=TCO  \\$aZZZ$c008
=LAS  \\$aRESET-LEV$b50$c20231002$lBLL01$h0445

