=LDR  05357cas a2201069u  4500
=001  013907848
=003  Uk
=005  20220301151017.0
=008  950421d19321938||||||n|||\\\\0\\\||eng\\
=FMT  \\$a  SE
=019  n\$aNLC0016884
=040  \\$aUk$cUk
=082  04$a072.821$222
=245  00$aDaily Independent.
=336  \\$atext$2rdacontent
=337  \\$aunmediated$2rdamedia
=338  \\$avolume$2rdacarrier
=500  \\$aIncorporated with the "Sheffield Telegraph".
=651  \0$aSheffield (England)$vNewspapers.
=651  \0$aSouth Yorkshire (England)$vNewspapers.
=752  \\$aEngland$bSouth Yorkshire$dSheffield.$2blnpn
=780  00$tSheffield Independent$gno.17172-24219 (4 Oct.1909 - 31 May 1932)$w013907847
=866  \0$aNewspapers :no.24220-26210 (1 June 1932 - 29 Oct.1938)
=856  42$31933-1938$uhttp://www.britishnewspaperarchive.co.uk/search/results?TitleId=BL/0001465$yBritish Newspaper Archive
=852  \\$aBritish Library$bNPL$cEW
=852  41$31934$aBritish Library$bHMNTS$zMicroform.$jMFM.M80573-78
=852  41$31935$aBritish Library$bHMNTS$zMicroform.$jMFM.M80579-84
=852  41$31932-1938$aBritish Library$bNPL$jNEWS9799
=852  41$31932$aBritish Library$bHMNTS$zJun-Dec 1932$zMicroform.$jMFM.M81798-801
=852  41$31936$aBritish Library$bHMNTS$zMicroform.$jMFM.M80585-M80590
=852  41$31937$aBritish Library$bHMNTS$zMicroform.$jMFM.M80591-M80596
=852  41$31938$aBritish Library$bHMNTS$zJan-Oct$zMicroform.$jMFM.M80597-M80601
=852  41$31932$aBritish Library$bHMNTS$zJan-Feb$zMicroform.$jMFM.M80560 [1932]
=852  41$31932$aBritish Library$bHMNTS$zMar-Apr$zMicroform.$jMFM.M80561 [1932]
=852  41$31932$aBritish Library$bHMNTS$zMay$zMicroform.$jMFM.M80562 [1932]
=852  41$31932$aBritish Library$bHMNTS$zJul-Aug$zMicroform.$jMFM.M81799 [1932]
=852  41$31932$aBritish Library$bHMNTS$zSep-Oct$zMicroform.$jMFM.M81800 [1932]
=852  41$31932$aBritish Library$bHMNTS$zNov-Dec$zMicroform.$jMFM.M81801 [1932]
=852  41$31933$aBritish Library$bHMNTS$zJan-Feb$zMicroform.$jMFM.M80567 [1933]
=852  41$31933$aBritish Library$bHMNTS$zMar-Apr$zMicroform.$jMFM.M80568 [1933]
=852  41$31933$aBritish Library$bHMNTS$zMay-Jun$zMicroform.$jMFM.M80569 [1933]
=852  41$31933$aBritish Library$bHMNTS$zJul-Aug$zMicroform.$jMFM.M80570 [1933]
=852  41$31933$aBritish Library$bHMNTS$zSep-Oct$zMicroform.$jMFM.M80571 [1933]
=852  41$31933$aBritish Library$bHMNTS$zNov-Dec$zMicroform.$jMFM.M80572 [1933]
=852  41$31934$aBritish Library$bHMNTS$zJan-Feb$zMicroform.$jMFM.M80573 [1934]
=852  41$31934$aBritish Library$bHMNTS$zMar-Apr$zMicroform.$jMFM.M80574 [1934]
=852  41$31934$aBritish Library$bHMNTS$zMay-Jun$zMicroform.$jMFM.M80575 [1934]
=852  41$31934$aBritish Library$bHMNTS$zJul-Aug$zMicroform.$jMFM.M80576 [1934]
=852  41$31934$aBritish Library$bHMNTS$zSept-Oct$zMicroform.$jMFM.M80577 [1934]
=852  41$31934$aBritish Library$bHMNTS$zNov-Dec$zMicroform.$jMFM.M80578 [1934]
=852  41$31935$aBritish Library$bHMNTS$zJan-Feb$zMicroform.$jMFM.M80579 [1935]
=852  41$31935$aBritish Library$bHMNTS$zMar-Apr$zMicroform.$jMFM.M80580 [1935]
=852  41$31935$aBritish Library$bHMNTS$zMay-Jun$zMicroform.$jMFM.M80581 [1935]
=852  41$31935$aBritish Library$bHMNTS$zJul-Aug$zMicroform.$jMFM.M80582 [1935]
=852  41$31935$aBritish Library$bHMNTS$zSep-Oct$zMicroform.$jMFM.M80583 [1935]
=852  41$31935$aBritish Library$bHMNTS$zNov-Dec$zMicroform.$jMFM.M80584 [1935]
=852  41$31932$aBritish Library$bHMNTS$zMay$zMicroform.$jMFM.M80562 [1932]
=852  41$31932$aBritish Library$bHMNTS$zJan-Apr$zMicroform.$jMFM.M80560-61
=852  41$31933$aBritish Library$bHMNTS$zMicroform.$jMFM.M80567-72
=985  \\$aDisaggregated Record: NPL
=CAT  \\$aBATCH-NPL$b00$c20070912$lBLL01$h1139
=CAT  \\$aBATCH-856$b50$c20211108$lBLL01$h1044
=CAT  \\$aBATCH-UPD$b50$c20211108$lBLL01$h1058
=CAT  \\$a14185N$b50$c20211108$lBLL01$h1243
=CAT  \\$aBATCH-856$b50$c20211115$lBLL01$h0940
=CAT  \\$aBATCH-UPD$b50$c20211115$lBLL01$h0954
=CAT  \\$aBATCH-856$b50$c20211122$lBLL01$h1254
=CAT  \\$aBATCH-UPD$b50$c20211122$lBLL01$h1307
=CAT  \\$aBATCH-856$b50$c20211220$lBLL01$h1031
=CAT  \\$aBATCH-UPD$b50$c20211220$lBLL01$h1111
=CAT  \\$aBATCH-856$b50$c20211228$lBLL01$h1450
=CAT  \\$aBATCH-UPD$b50$c20211228$lBLL01$h1519
=CAT  \\$aBATCH-856$b50$c20220104$lBLL01$h0958
=CAT  \\$aBATCH-UPD$b50$c20220104$lBLL01$h1018
=CAT  \\$aBATCH-856$b50$c20220110$lBLL01$h1300
=CAT  \\$aBATCH-UPD$b50$c20220110$lBLL01$h1340
=CAT  \\$aBATCH-856$b50$c20220117$lBLL01$h1433
=CAT  \\$aBATCH-UPD$b50$c20220117$lBLL01$h1505
=CAT  \\$aBATCH-856$b50$c20220131$lBLL01$h1009
=CAT  \\$aBATCH-UPD$b50$c20220131$lBLL01$h1026
=CAT  \\$aBATCH-856$b50$c20220207$lBLL01$h0756
=CAT  \\$aBATCH-UPD$b50$c20220207$lBLL01$h0818
=CAT  \\$aBATCH-856$b50$c20220214$lBLL01$h0937
=CAT  \\$aBATCH-UPD$b50$c20220214$lBLL01$h1000
=CAT  \\$aBATCH-856$b50$c20220301$lBLL01$h1510
=CAT  \\$aBATCH-UPD$b50$c20220301$lBLL01$h1528
=FIN  \\$aY
=LEO  \\$aMP35.0000116595.5
=NID  \\$aNID0015735
=SRC  \\$aNPLv17$bbibmp35.20070831.aa
=TCO  \\$aZZZ$c008
=LAS  \\$aBATCH-UPD$b50$c20220301$lBLL01$h1528

