=LDR  03143cas a2200757u  4500
=001  013908736
=003  Uk
=005  20220301151018.0
=008  950421d18831955||||||n|||\\\\0\\\||eng\\
=FMT  \\$a  SE
=019  n\$aNLC0017586
=040  \\$aUk$cUk
=082  04$a072.91467$222
=245  04$aThe Kilmarnock Herald and North Ayrshire Gazette.
=336  \\$atext$2rdacontent
=337  \\$aunmediated$2rdamedia
=338  \\$avolume$2rdacarrier
=500  \\$aDiscontinued.
=651  \0$aEast Ayrshire (Scotland)$vNewspapers.
=651  \0$aKilmarnock (Scotland)$vNewspapers.
=752  \\$aScotland$bStrathclyde$dKilmarnock.$2blnpn
=780  00$tKilmarnock Herald$gno.144-176 (10 Nov.1882 - 6 July 1883)$w013908735
=866  \0$aNewspapers :no.177 - 6911 (13 July 1883 - 8 April 1955)
=883  0\$aLanguage codes assigned by Bayesian analysis of words present in record$d20200826$qUk$c0.9919
=856  42$31906-1952$uhttp://www.britishnewspaperarchive.co.uk/search/results?TitleId=BL/0002688$yBritish Newspaper Archive
=852  41$31957$aBritish Library$bNPL$cSCT$j91 [1957]
=852  41$31869$aBritish Library$bNPL$cEW$j1411 [1869]
=852  \\$aBritish Library$bNPL$cSCT
=852  41$aBritish Library$bNPL$jNEWS shelfmarks - see explore.bl.uk for full holdings
=852  \\$aBritish Library$bNPL$cSCT
=852  41$aBritish Library$bHMNTS$zMicroform.$jMFM shelfmarks - see explore.bl.uk for full holdings
=985  \\$aDisaggregated Record: NPL
=985  \\$aUpgraded by BSS-generated file for WR2009-0365
=CAT  \\$aBATCH-NPL$b00$c20070912$lBLL01$h1140
=CAT  \\$aBATCH-856$b50$c20220207$lBLL01$h0756
=CAT  \\$aBATCH-UPD$b50$c20220207$lBLL01$h0818
=CAT  \\$aBATCH-856$b50$c20220214$lBLL01$h0937
=CAT  \\$aBATCH-UPD$b50$c20220214$lBLL01$h1001
=CAT  \\$aBATCH-856$b50$c20220301$lBLL01$h1510
=CAT  \\$aBATCH-UPD$b50$c20220301$lBLL01$h1528
=CAT  \\$aRESET-LEV$b50$c20220302$lBLL01$h0056
=CAT  \\$aRESET-LEV$b50$c20220402$lBLL01$h1728
=CAT  \\$aRESET-LEV$b50$c20220502$lBLL01$h0242
=CAT  \\$aRESET-LEV$b50$c20220602$lBLL01$h2126
=CAT  \\$aRESET-LEV$b50$c20220702$lBLL01$h1729
=CAT  \\$aRESET-LEV$b50$c20220802$lBLL01$h0353
=CAT  \\$aRESET-LEV$b50$c20220902$lBLL01$h2222
=CAT  \\$aRESET-LEV$b50$c20221003$lBLL01$h0415
=CAT  \\$aRESET-LEV$b50$c20221102$lBLL01$h0234
=CAT  \\$aRESET-LEV$b50$c20221202$lBLL01$h2225
=CAT  \\$aRESET-LEV$b50$c20230102$lBLL01$h0301
=CAT  \\$aRESET-LEV$b50$c20230202$lBLL01$h2127
=CAT  \\$aRESET-LEV$b50$c20230302$lBLL01$h2136
=CAT  \\$aRESET-LEV$b50$c20230403$lBLL01$h0241
=CAT  \\$aRESET-LEV$b50$c20230502$lBLL01$h0324
=CAT  \\$aRESET-LEV$b50$c20230602$lBLL01$h2227
=CAT  \\$aRESET-LEV$b50$c20230703$lBLL01$h0508
=CAT  \\$aRESET-LEV$b50$c20230802$lBLL01$h0210
=CAT  \\$aRESET-LEV$b50$c20230902$lBLL01$h1742
=CAT  \\$aRESET-LEV$b50$c20231002$lBLL01$h0445
=FIN  \\$aY
=LEO  \\$aMP35.0000117287.1
=NID  \\$aNID0016502
=SRC  \\$aNPLv17$bbibmp35.20070831.aa
=TCO  \\$aZZZ$c008
=LAS  \\$aRESET-LEV$b50$c20231002$lBLL01$h0445

