=LDR  03404cas a2200781u  4500
=001  013908777
=003  Uk
=005  20220301151018.0
=008  950421d18471968||||||n|||\\\\0\\\||eng\\
=FMT  \\$a  SE
=019  n\$aNLC0017614
=040  \\$aUk$cUk
=082  04$a072.9128$222
=245  04$aThe Kinross-shire Advertiser.
=336  \\$atext$2rdacontent
=337  \\$aunmediated$2rdamedia
=338  \\$avolume$2rdacarrier
=500  \\$aHard copy holdings: 1850-1970.
=500  \\$aMicrofilm only: 1847-1849.
=500  \\$aMicrofilm:1847-54 (Copied from issues held by Perth and Kinross Libraries).
=500  \\$aFull title from 1847-49 was: ' The Kinross-shire Advertiser and General Miscellany'.
=651  \0$aKinross (Scotland)$vNewspapers.
=651  \0$aPerth and Kinross (Scotland)$vNewspapers.
=752  \\$aScotland$bTayside$dKinross.$2blnpn
=785  00$tKinross Advertiser$gno.5768-2696 (6 July 1968 - 26 Dec.1970)$w013908778
=866  \0$aNewspapers :no.1-5767 (2 Feb.1847 - 28 June 1968)
=856  42$31850-1852, 1879-1888, 1890, 1892, 1900-1918$uhttp://www.britishnewspaperarchive.co.uk/search/results?TitleId=BL/0001905$yBritish Newspaper Archive
=852  41$31957$aBritish Library$bNPL$cSCT$j91 [1957]
=852  41$31869$aBritish Library$bNPL$cEW$j1411 [1869]
=852  \\$aBritish Library$bNPL$cSCT
=852  \\$aBritish Library$bNPL$cSCT
=852  41$aBritish Library$bNPL$jNEWS shelfmarks - see explore.bl.uk for full holdings
=852  41$aBritish Library$bHMNTS$zMicroform.$jMFM shelfmarks - see explore.bl.uk for full holdings
=985  \\$aDisaggregated Record: NPL
=CAT  \\$aBATCH-NPL$b00$c20070912$lBLL01$h1140
=CAT  \\$aBATCH-856$b50$c20220207$lBLL01$h0756
=CAT  \\$aBATCH-UPD$b50$c20220207$lBLL01$h0818
=CAT  \\$aBATCH-856$b50$c20220214$lBLL01$h0937
=CAT  \\$aBATCH-UPD$b50$c20220214$lBLL01$h1001
=CAT  \\$aBATCH-856$b50$c20220301$lBLL01$h1510
=CAT  \\$aBATCH-UPD$b50$c20220301$lBLL01$h1528
=CAT  \\$aRESET-LEV$b50$c20220302$lBLL01$h0056
=CAT  \\$aRESET-LEV$b50$c20220402$lBLL01$h1728
=CAT  \\$aRESET-LEV$b50$c20220502$lBLL01$h0242
=CAT  \\$aRESET-LEV$b50$c20220602$lBLL01$h2126
=CAT  \\$aRESET-LEV$b50$c20220702$lBLL01$h1729
=CAT  \\$aRESET-LEV$b50$c20220802$lBLL01$h0353
=CAT  \\$aRESET-LEV$b50$c20220902$lBLL01$h2222
=CAT  \\$aRESET-LEV$b50$c20221003$lBLL01$h0415
=CAT  \\$aRESET-LEV$b50$c20221102$lBLL01$h0234
=CAT  \\$aRESET-LEV$b50$c20221202$lBLL01$h2225
=CAT  \\$aRESET-LEV$b50$c20230102$lBLL01$h0301
=CAT  \\$aRESET-LEV$b50$c20230202$lBLL01$h2128
=CAT  \\$aRESET-LEV$b50$c20230302$lBLL01$h2136
=CAT  \\$aRESET-LEV$b50$c20230403$lBLL01$h0241
=CAT  \\$aRESET-LEV$b50$c20230502$lBLL01$h0324
=CAT  \\$aRESET-LEV$b50$c20230602$lBLL01$h2227
=CAT  \\$aRESET-LEV$b50$c20230703$lBLL01$h0508
=CAT  \\$aRESET-LEV$b50$c20230802$lBLL01$h0210
=CAT  \\$aRESET-LEV$b50$c20230902$lBLL01$h1742
=CAT  \\$aRESET-LEV$b50$c20231002$lBLL01$h0445
=FIN  \\$aY
=LEO  \\$aMP35.0000117315
=LKR  \\$aPAR$lBLL01$r78500$nKinross Advertiser - no.5768-2696 (6 July 1968 - 26 Dec.1970)$b013908778$mThe Kinross-shire Advertiser. - no.1-5767 (2 Feb.1847 - 28 June 1968)
=NID  \\$aNID0016540
=SRC  \\$aNPLv17$bbibmp35.20070831.aa
=TCO  \\$aZZZ$c008
=LAS  \\$aRESET-LEV$b50$c20231002$lBLL01$h0445

