=LDR  03419cas a2200745u  4500
=001  013908842
=003  Uk
=005  20220301151018.0
=008  950421d18761895||||||n|||\\\\0\\\||eng\\
=FMT  \\$a  SE
=019  n\$aNLC0017661
=040  \\$aUk$cUk
=082  04$a072.315$222
=245  00$aTrowbridge Chronicle, Bradford-on-Avon Times, and Melksham and Westbury Gazette.
=336  \\$atext$2rdacontent
=337  \\$aunmediated$2rdamedia
=338  \\$avolume$2rdacarrier
=651  \0$aTrowbridge (England)$vNewspapers.
=651  \0$aWiltshire (England)$vNewspapers.
=752  \\$aEngland$bWiltshire$dTrowbridge.$2blnpn
=780  00$tTrowbridge Chronicle, Volunteers' Gazette, and West of England Advertiser$gno.1-798 (11 May 1861 - 19 Aug.1876)$w013908841
=785  00$tWiltshire Chronicle$gno.1779-2344 (6 July 1895 - 24 March 1906)$w013908843
=866  \0$aNewspapers :no.799-1778 (26 Aug.1876 - 29 June 1895)
=883  0\$aLanguage codes assigned by Bayesian analysis of words present in record$d20200826$qUk$c0.9919
=856  42$31876-1892, 1892-1895$uhttp://www.britishnewspaperarchive.co.uk/search/results?TitleId=BL/0004174$yBritish Newspaper Archive
=852  \\$aBritish Library$bNPL$cEW
=852  41$aBritish Library$bNPL$jNEWS shelfmarks - see explore.bl.uk for full holdings
=852  41$aBritish Library$bHMNTS$zMicroform.$jMFM shelfmarks - see explore.bl.uk for full holdings
=852  41$31871$aBritish Library$bNPL$cEW$j507 [1871]
=985  \\$aDisaggregated Record: NPL
=985  \\$aUpgraded by BSS-generated file for WR2009-0365
=CAT  \\$aBATCH-NPL$b00$c20070912$lBLL01$h1140
=CAT  \\$aRESET-LEV$b50$c20211102$lBLL01$h0307
=CAT  \\$aRESET-LEV$b50$c20211202$lBLL01$h2124
=CAT  \\$aRESET-LEV$b50$c20220103$lBLL01$h0035
=CAT  \\$aRESET-LEV$b50$c20220202$lBLL01$h0139
=CAT  \\$aBATCH-856$b50$c20220301$lBLL01$h1510
=CAT  \\$aBATCH-UPD$b50$c20220301$lBLL01$h1528
=CAT  \\$aRESET-LEV$b50$c20220302$lBLL01$h0056
=CAT  \\$aRESET-LEV$b50$c20220402$lBLL01$h1728
=CAT  \\$aRESET-LEV$b50$c20220502$lBLL01$h0242
=CAT  \\$aRESET-LEV$b50$c20220602$lBLL01$h2126
=CAT  \\$aRESET-LEV$b50$c20220702$lBLL01$h1729
=CAT  \\$aRESET-LEV$b50$c20220802$lBLL01$h0353
=CAT  \\$aRESET-LEV$b50$c20220902$lBLL01$h2222
=CAT  \\$aRESET-LEV$b50$c20221003$lBLL01$h0415
=CAT  \\$aRESET-LEV$b50$c20221102$lBLL01$h0234
=CAT  \\$aRESET-LEV$b50$c20221202$lBLL01$h2226
=CAT  \\$aRESET-LEV$b50$c20230102$lBLL01$h0301
=CAT  \\$aRESET-LEV$b50$c20230202$lBLL01$h2128
=CAT  \\$aRESET-LEV$b50$c20230302$lBLL01$h2136
=CAT  \\$aRESET-LEV$b50$c20230403$lBLL01$h0241
=CAT  \\$aRESET-LEV$b50$c20230502$lBLL01$h0324
=CAT  \\$aRESET-LEV$b50$c20230602$lBLL01$h2227
=CAT  \\$aRESET-LEV$b50$c20230703$lBLL01$h0508
=CAT  \\$aRESET-LEV$b50$c20230802$lBLL01$h0210
=CAT  \\$aRESET-LEV$b50$c20230902$lBLL01$h1742
=CAT  \\$aRESET-LEV$b50$c20231002$lBLL01$h0445
=FIN  \\$aY
=LEO  \\$aMP35.0000117362.1
=LKR  \\$aPAR$lBLL01$r78500$nWiltshire Chronicle - no.1779-2344 (6 July 1895 - 24 March 1906)$b013908843$mTrowbridge Chronicle, Bradford-on-Avon Times, and Melksham and Westbury Gazette. - no.799-1778 (26 Aug.1876 - 29 June 1895)
=NID  \\$aNID0016600
=SRC  \\$aNPLv17$bbibmp35.20070831.aa
=TCO  \\$aZZZ$c008
=LAS  \\$aRESET-LEV$b50$c20231002$lBLL01$h0445

