=LDR  02344cas a2200577u  4500
=001  013910394
=003  Uk
=005  20220301151021.0
=008  950421d18891909||||||n|||\\\\0\\\||eng\\
=FMT  \\$a  SE
=019  n\$aNLC0019047
=040  \\$aUk$cUk
=082  04$a072.162$222
=245  04$aThe Kentish Mail, Greenwich and Deptford Observer.
=336  \\$atext$2rdacontent
=337  \\$aunmediated$2rdamedia
=338  \\$avolume$2rdacarrier
=500  \\$aIncorporated with "Kentish Independent".
=651  \0$aGreenwich (London, England)$vNewspapers.
=752  \\$aEngland$dLondon$fGreenwich.$2blnpn
=780  00$tGreenwich and Deptford Observer$gno.294-1495 (9 Jan.1885 - 18 Jan.1889)$w013910393
=866  \0$aNewspapers :no.1496-2918 (25 Jan.1889 - 31 Dec.1909)
=883  0\$aLanguage codes assigned by Bayesian analysis of words present in record$d20200826$qUk$c0.9919
=856  42$31889-1909$uhttp://www.britishnewspaperarchive.co.uk/search/results?TitleId=BL/0004564$yBritish Newspaper Archive
=852  \\$aBritish Library$bNPL$cEW
=852  41$aBritish Library$bNPL$jNEWS shelfmarks - see explore.bl.uk for full holdings
=852  41$aBritish Library$bHMNTS$zMicroform.$jMFM shelfmarks - see explore.bl.uk for full holdings
=985  \\$aDisaggregated Record: NPL
=985  \\$aUpgraded by BSS-generated file for WR2009-0365
=CAT  \\$aBATCH-NPL$b00$c20070912$lBLL01$h1141
=CAT  \\$aBATCH-LINK$b00$c20070915$lBLL01$h0507
=CAT  \\$aBATCH$b00$c20070916$lBLL01$h1807
=CAT  \\$aB-BSS-DEL$b00$c20080331$lBLL01$h1545
=CAT  \\$aNPL-008-N$c20110504$lBLL01$h2219
=CAT  \\$aADD-NID$b00$c20110805$lBLL01$h1428
=CAT  \\$aWR11_021$c20111124$lBLL01$h1526
=CAT  \\$aWR11_021$c20111124$lBLL01$h1533
=CAT  \\$aNPL-LOCK$b77$c20140207$lBLL01$h2203
=CAT  \\$c20140214$lBLL01$h1743
=CAT  \\$aNSB-MIG$b50$c20140215$lBLL01$h0201
=CAT  \\$aRESET-LEV$b50$c20140302$lBLL01$h2352
=CAT  \\$aW2009-0365$b00$c20201017$lBLL01$h0932
=CAT  \\$aRESET-LEV$b50$c20201017$lBLL01$h1750
=CAT  \\$aBATCH-856$b50$c20220301$lBLL01$h1510
=CAT  \\$aBATCH-UPD$b50$c20220301$lBLL01$h1529
=FIN  \\$aY
=LEO  \\$aMP35.0000118725.3
=NID  \\$aNID0017917
=SRC  \\$aNPLv17$bbibmp35.20070831.aa
=TCO  \\$aZZZ$c008
=LAS  \\$aBATCH-UPD$b50$c20220301$lBLL01$h1529

