=LDR  03425cas a2200769u  4500
=001  013910441
=003  Uk
=005  20220301151021.0
=008  950421d19091939||||||n|||\\\\0\\\||eng\\
=FMT  \\$a  SE
=019  n\$aNLC0019081
=040  \\$aUk$cUk
=082  04$a072.162$222
=245  00$aWoolwich Gazette and Plumstead News.
=336  \\$atext$2rdacontent
=337  \\$aunmediated$2rdamedia
=338  \\$avolume$2rdacarrier
=651  \0$aGreenwich (London, England)$vNewspapers.
=752  \\$aEngland$dLondon$fGreenwich.$2blnpn
=780  00$tBorough of Woolwich Gazette$gno.2250-2897 (3 July 1903 - 6 Aug.1909)$w013910440
=785  00$tMid-Weekly Gazette News$gno.4455-4482 (17 Oct.1939 - 30 April 1940)$w013910442
=866  \0$aNewspapers :no.2897-4454 (10 Aug.1909 - 10 Oct.1939)
=883  0\$aLanguage codes assigned by Bayesian analysis of words present in record$d20200826$qUk$c0.9919
=856  42$31909-1910$uhttp://www.britishnewspaperarchive.co.uk/search/results?TitleId=BL/0001021$yBritish Newspaper Archive
=852  41$31899$aBritish Library$bNPL$cEW$j845 [1899]$xMissing
=852  41$31897$aBritish Library$bNPL$cEW$j240 [1897]
=852  41$31897$aBritish Library$bNPL$cEW$j417 [1897]
=852  41$31897$aBritish Library$bNPL$cEW$j417 [1897]
=852  41$aBritish Library$bNPL$jNEWS shelfmarks - see explore.bl.uk for full holdings
=852  41$aBritish Library$bHMNTS$zMicroform.$jMFM shelfmarks - see explore.bl.uk for full holdings
=852  \\$aBritish Library$bNPL$cEW
=985  \\$aDisaggregated Record: NPL
=985  \\$aUpgraded by BSS-generated file for WR2009-0365
=CAT  \\$aBATCH-NPL$b00$c20070912$lBLL01$h1141
=CAT  \\$aBATCH-856$b50$c20220207$lBLL01$h0756
=CAT  \\$aBATCH-UPD$b50$c20220207$lBLL01$h0819
=CAT  \\$aBATCH-856$b50$c20220214$lBLL01$h0937
=CAT  \\$aBATCH-UPD$b50$c20220214$lBLL01$h1002
=CAT  \\$aBATCH-856$b50$c20220301$lBLL01$h1510
=CAT  \\$aBATCH-UPD$b50$c20220301$lBLL01$h1530
=CAT  \\$aRESET-LEV$b50$c20220302$lBLL01$h0056
=CAT  \\$aRESET-LEV$b50$c20220402$lBLL01$h1728
=CAT  \\$aRESET-LEV$b50$c20220502$lBLL01$h0243
=CAT  \\$aRESET-LEV$b50$c20220602$lBLL01$h2127
=CAT  \\$aRESET-LEV$b50$c20220702$lBLL01$h1730
=CAT  \\$aRESET-LEV$b50$c20220802$lBLL01$h0354
=CAT  \\$aRESET-LEV$b50$c20220902$lBLL01$h2222
=CAT  \\$aRESET-LEV$b50$c20221003$lBLL01$h0415
=CAT  \\$aRESET-LEV$b50$c20221102$lBLL01$h0234
=CAT  \\$aRESET-LEV$b50$c20221202$lBLL01$h2226
=CAT  \\$aRESET-LEV$b50$c20230102$lBLL01$h0302
=CAT  \\$aRESET-LEV$b50$c20230202$lBLL01$h2128
=CAT  \\$aRESET-LEV$b50$c20230302$lBLL01$h2136
=CAT  \\$aRESET-LEV$b50$c20230403$lBLL01$h0242
=CAT  \\$aRESET-LEV$b50$c20230502$lBLL01$h0325
=CAT  \\$aRESET-LEV$b50$c20230602$lBLL01$h2227
=CAT  \\$aRESET-LEV$b50$c20230703$lBLL01$h0509
=CAT  \\$aRESET-LEV$b50$c20230802$lBLL01$h0211
=CAT  \\$aRESET-LEV$b50$c20230902$lBLL01$h1743
=CAT  \\$aRESET-LEV$b50$c20231002$lBLL01$h0446
=FIN  \\$aY
=LEO  \\$aMP35.0000118759.2
=LKR  \\$aPAR$lBLL01$r78500$nMid-Weekly Gazette News - no.4455-4482 (17 Oct.1939 - 30 April 1940)$b013910442$mWoolwich Gazette and Plumstead News. - no.2897-4454 (10 Aug.1909 - 10 Oct.1939)
=NID  \\$aNID0017963
=SRC  \\$aNPLv17$bbibmp35.20070831.aa
=TCO  \\$aZZZ$c008
=LAS  \\$aRESET-LEV$b50$c20231002$lBLL01$h0446

