=LDR  07785cas a2201489u  4500
=001  013911210
=003  Uk
=005  20220301151021.0
=008  950421d18591921||||||n|||\\\\0\\\||eng\\
=FMT  \\$a  SE
=019  n\$aNLC0020024
=040  \\$aUk$cUk
=082  04$a072.1$222
=245  04$aThe London and China Express.
=336  \\$atext$2rdacontent
=337  \\$aunmediated$2rdamedia
=338  \\$avolume$2rdacarrier
=651  \0$aLondon (England)$vNewspapers.
=752  \\$aEngland$dLondon.$2blnpn
=780  00$tChina Express$gno.1-24 (25 Nov.1858 - 10 Nov.1859)$w013911209
=785  00$tChina Express and Telegraph$gno.3048-3541 (5 Jan.1922 - 2 July 1931)$w013911211
=866  \0$aNewspapers :no.25-3047 (26 Nov.1859 - 29 Dec.1921)
=883  0\$aLanguage codes assigned by Bayesian analysis of words present in record$d20200826$qUk$c0.9919
=856  42$31859-1861, 1863-1905, 1907-1919$uhttp://www.britishnewspaperarchive.co.uk/search/results?TitleId=BL/0003527$yBritish Newspaper Archive
=852  41$31858-1859$aBritish Library$bNPL$jNEWS11711
=852  41$31858$aBritish Library$bHMNTS$zMicroform.$jMFM.M78917 [1858]
=852  41$31859$aBritish Library$bHMNTS$zMicroform.$jMFM.M78917 [1859]
=852  41$31909$aBritish Library$bHMNTS$zMicroform.$jMFM.M78342-3
=852  41$31910$aBritish Library$bHMNTS$zMicroform.$jMFM.M78344-5
=852  41$31911$aBritish Library$bHMNTS$zMicroform.$jMFM.M78346-7
=852  41$31912$aBritish Library$bHMNTS$zMicroform.$jMFM.M78348-9
=852  41$31913$aBritish Library$bHMNTS$zMicroform.$jMFM.M78350-1
=852  41$31914$aBritish Library$bHMNTS$zMicroform.$jMFM.M78352-3
=852  41$31859-1921$aBritish Library$bNPL$jNEWS11712
=852  \\$aBritish Library$bNPL$cLON
=852  41$31871$aBritish Library$bHMNTS$zMicroform.$jMFM.M78928-9
=852  41$31885$aBritish Library$bHMNTS$zMicroform.$jMFM.M78943-4
=852  41$31886$aBritish Library$bHMNTS$zMicroform.$jMFM.M78945-6
=852  41$31888$aBritish Library$bHMNTS$zMicroform.$jMFM.M78948-9
=852  41$31889$aBritish Library$bHMNTS$zMicroform.$jMFM.M78950-1
=852  41$31890$aBritish Library$bHMNTS$zMicroform.$jMFM.M78952-3
=852  41$31891$aBritish Library$bHMNTS$zMicroform.$jMFM.M78954-5
=852  41$31892$aBritish Library$bHMNTS$zMicroform.$jMFM.M78956-7
=852  41$31893$aBritish Library$bHMNTS$zMicroform.$jMFM.M78958-9
=852  41$31894$aBritish Library$bHMNTS$zMicroform.$jMFM.M78960-1
=852  41$31895$aBritish Library$bHMNTS$zMicroform.$jMFM.M78962-3
=852  41$31896$aBritish Library$bHMNTS$zMicroform.$jMFM.M78964-5
=852  41$31897$aBritish Library$bHMNTS$zMicroform.$jMFM.M78966-7
=852  41$31898$aBritish Library$bHMNTS$zMicroform.$jMFM.M78968-9
=852  41$31899$aBritish Library$bHMNTS$zMicroform.$jMFM.M78970-1
=852  41$31900$aBritish Library$bHMNTS$zMicroform.$jMFM.M78972-3
=852  41$31901$aBritish Library$bHMNTS$zMicroform.$jMFM.M78974-5
=852  41$31902$aBritish Library$bHMNTS$zMicroform.$jMFM.M78976-7
=852  41$31903$aBritish Library$bHMNTS$zMicroform.$jMFM.M78978-9
=852  41$31904$aBritish Library$bHMNTS$zMicroform.$jMFM.M78980-1
=852  41$31905$aBritish Library$bHMNTS$zMicroform.$jMFM.M78982-3
=852  41$31907$aBritish Library$bHMNTS$zMicroform.$jMFM.M78984-5
=852  41$31908$aBritish Library$bHMNTS$zMicroform.$jMFM.M78986-7
=852  41$31920$aBritish Library$bHMNTS$zMicroform.$jMFM.M36343 [1920]
=852  41$31921$aBritish Library$bHMNTS$zMicroform.$jMFM.M77193 [1921]
=852  41$31915$aBritish Library$bHMNTS$zMicroform.$jMFM.M78354 [1915]
=852  41$31916$aBritish Library$bHMNTS$zMicroform.$jMFM.M78355 [1916]
=852  41$31917$aBritish Library$bHMNTS$zMicroform.$jMFM.M78356 [1917]
=852  41$31918$aBritish Library$bHMNTS$zMicroform.$jMFM.M78357 [1918]
=852  41$31919$aBritish Library$bHMNTS$zMicroform.$jMFM.M78358 [1919]
=852  41$31924$aBritish Library$bHMNTS$zMicroform.$jMFM.M78360 [1924]
=852  41$31859$aBritish Library$bHMNTS$zMicroform.$jMFM.M78917 [1859]
=852  41$31860$aBritish Library$bHMNTS$zMicroform.$jMFM.M78918 [1860]
=852  41$31861$aBritish Library$bHMNTS$zMicroform.$jMFM.M78919 [1861]
=852  41$31863$aBritish Library$bHMNTS$zMicroform.$jMFM.M78920 [1863]
=852  41$31864$aBritish Library$bHMNTS$zMicroform.$jMFM.M78921 [1864]
=852  41$31865$aBritish Library$bHMNTS$zMicroform.$jMFM.M78922 [1865]
=852  41$31866$aBritish Library$bHMNTS$zMicroform.$jMFM.M78923 [1866]
=852  41$31867$aBritish Library$bHMNTS$zMicroform.$jMFM.M78924 [1867]
=852  41$31868$aBritish Library$bHMNTS$zMicroform.$jMFM.M78925 [1868]
=852  41$31869$aBritish Library$bHMNTS$zMicroform.$jMFM.M78926 [1869]
=852  41$31870$aBritish Library$bHMNTS$zMicroform.$jMFM.M78927 [1870]
=852  41$31872$aBritish Library$bHMNTS$zMicroform.$jMFM.M78930 [1872]
=852  41$31873$aBritish Library$bHMNTS$zMicroform.$jMFM.M78931 [1873]
=852  41$31874$aBritish Library$bHMNTS$zMicroform.$jMFM.M78932 [1874]
=852  41$31875$aBritish Library$bHMNTS$zMicroform.$jMFM.M78933 [1875]
=852  41$31876$aBritish Library$bHMNTS$zMicroform.$jMFM.M78934 [1876]
=852  41$31877$aBritish Library$bHMNTS$zMicroform.$jMFM.M78935 [1877]
=852  41$31878$aBritish Library$bHMNTS$zMicroform.$jMFM.M78936 [1878]
=852  41$31879$aBritish Library$bHMNTS$zMicroform.$jMFM.M78937 [1879]
=852  41$31880$aBritish Library$bHMNTS$zMicroform.$jMFM.M78938 [1880]
=852  41$31881$aBritish Library$bHMNTS$zMicroform.$jMFM.M78939 [1881]
=852  41$31882$aBritish Library$bHMNTS$zMicroform.$jMFM.M78940 [1882]
=852  41$31883$aBritish Library$bHMNTS$zMicroform.$jMFM.M78941 [1883]
=852  41$31884$aBritish Library$bHMNTS$zMicroform.$jMFM.M78942 [1884]
=852  41$31887$aBritish Library$bHMNTS$zMicroform.$jMFM.M78947 [1887]
=985  \\$aDisaggregated Record: NPL
=985  \\$aUpgraded by BSS-generated file for WR2009-0365
=CAT  \\$aBATCH-NPL$b00$c20070912$lBLL01$h1141
=CAT  \\$aBATCH-856$b50$c20220207$lBLL01$h0756
=CAT  \\$aBATCH-UPD$b50$c20220207$lBLL01$h0820
=CAT  \\$aBATCH-856$b50$c20220214$lBLL01$h0937
=CAT  \\$aBATCH-UPD$b50$c20220214$lBLL01$h1002
=CAT  \\$aBATCH-856$b50$c20220301$lBLL01$h1510
=CAT  \\$aBATCH-UPD$b50$c20220301$lBLL01$h1530
=CAT  \\$aRESET-LEV$b50$c20220302$lBLL01$h0056
=CAT  \\$aRESET-LEV$b50$c20220402$lBLL01$h1728
=CAT  \\$aRESET-LEV$b50$c20220502$lBLL01$h0243
=CAT  \\$aRESET-LEV$b50$c20220602$lBLL01$h2127
=CAT  \\$aRESET-LEV$b50$c20220702$lBLL01$h1730
=CAT  \\$aRESET-LEV$b50$c20220802$lBLL01$h0354
=CAT  \\$aRESET-LEV$b50$c20220902$lBLL01$h2222
=CAT  \\$aRESET-LEV$b50$c20221003$lBLL01$h0415
=CAT  \\$aRESET-LEV$b50$c20221102$lBLL01$h0234
=CAT  \\$aRESET-LEV$b50$c20221202$lBLL01$h2226
=CAT  \\$aRESET-LEV$b50$c20230102$lBLL01$h0302
=CAT  \\$aRESET-LEV$b50$c20230202$lBLL01$h2128
=CAT  \\$aRESET-LEV$b50$c20230302$lBLL01$h2136
=CAT  \\$aRESET-LEV$b50$c20230403$lBLL01$h0242
=CAT  \\$aRESET-LEV$b50$c20230502$lBLL01$h0325
=CAT  \\$aRESET-LEV$b50$c20230602$lBLL01$h2227
=CAT  \\$aRESET-LEV$b50$c20230703$lBLL01$h0509
=CAT  \\$aRESET-LEV$b50$c20230802$lBLL01$h0211
=CAT  \\$aRESET-LEV$b50$c20230902$lBLL01$h1743
=CAT  \\$aRESET-LEV$b50$c20231002$lBLL01$h0446
=FIN  \\$aY
=LEO  \\$aMP35.0000119691.1
=LKR  \\$aPAR$lBLL01$r78500$nChina Express and Telegraph - no.3048-3541 (5 Jan.1922 - 2 July 1931)$b013911211$mThe London and China Express. - no.25-3047 (26 Nov.1859 - 29 Dec.1921)
=NID  \\$aNID0018384
=SRC  \\$aNPLv17$bbibmp35.20070831.aa
=TCO  \\$aZZZ$c008
=LAS  \\$aRESET-LEV$b50$c20231002$lBLL01$h0446

