=LDR  06117cas a2201225u  4500
=001  013912396
=003  Uk
=005  20220301151023.0
=008  950421d18551857||||||n|||\\\\0\\\||eng\\
=FMT  \\$a  SE
=019  n\$aNLC0021774
=040  \\$aUk$cUk
=082  04$a072.1$222
=245  04$aThe London Weekly Investigator.
=336  \\$atext$2rdacontent
=337  \\$aunmediated$2rdamedia
=338  \\$avolume$2rdacarrier
=651  \0$aLondon (England)$vNewspapers.
=752  \\$aEngland$dLondon.$2blnpn
=780  00$tWar Investigator and Record of Current Events$gno.1 (1 Dec.1855)$w013912395
=866  \0$aNewspapers :no.2,3,6-74 (8,15 Dec.1855; 5 Jan.1856 - 22 April 1857)
=883  0\$aLanguage codes assigned by Bayesian analysis of words present in record$d20201028$qUk$c0.9010
=856  42$31855-1857$uhttp://www.britishnewspaperarchive.co.uk/search/results?TitleId=BL/0004198$yBritish Newspaper Archive
=852  41$31832-1855$aBritish Library$bNPL$jNEWS8003
=852  41$31832$aBritish Library$bHMNTS$zMicroform.$jMFM.M55519 [1832]
=852  41$31833$aBritish Library$bHMNTS$zMicroform.$jMFM.M55520 [1833]
=852  41$31834$aBritish Library$bHMNTS$zMicroform.$jMFM.M55521 [1834]
=852  41$31835$aBritish Library$bHMNTS$zMicroform.$jMFM.M55522 [1835]
=852  41$31836$aBritish Library$bHMNTS$zMicroform.$jMFM.M55523 [1836]
=852  41$31838$aBritish Library$bHMNTS$zMicroform.$jMFM.M55526 [1838]
=852  41$31839$aBritish Library$bHMNTS$zMicroform.$jMFM.M55527 [1839]
=852  41$31840$aBritish Library$bHMNTS$zMicroform.$jMFM.M55528 [1840]
=852  41$31841$aBritish Library$bHMNTS$zMicroform.$jMFM.M55529 [1841]
=852  41$31842$aBritish Library$bHMNTS$zMicroform.$jMFM.M55530 [1842]
=852  41$31843$aBritish Library$bHMNTS$zMicroform.$jMFM.M55531 [1843]
=852  41$31844$aBritish Library$bHMNTS$zMicroform.$jMFM.M55532 [1844]
=852  41$31845$aBritish Library$bHMNTS$zMicroform.$jMFM.M55533 [1845]
=852  41$31846$aBritish Library$bHMNTS$zMicroform.$jMFM.M55534 [1846]
=852  41$31847$aBritish Library$bHMNTS$zMicroform.$jMFM.M55535 [1847]
=852  41$31848$aBritish Library$bHMNTS$zMicroform.$jMFM.M55536 [1848]
=852  41$31849$aBritish Library$bHMNTS$zMicroform.$jMFM.M55537 [1849]
=852  41$31850$aBritish Library$bHMNTS$zMicroform.$jMFM.M55538 [1850]
=852  41$31851$aBritish Library$bHMNTS$zMicroform.$jMFM.M55539 [1851]
=852  41$31852$aBritish Library$bHMNTS$zMicroform.$jMFM.M55540 [1852]
=852  41$31853$aBritish Library$bHMNTS$zMicroform.$jMFM.M55541 [1853]
=852  41$31854$aBritish Library$bHMNTS$zMicroform.$jMFM.M55542 [1854]
=852  41$31855$aBritish Library$bHMNTS$zMicroform.$jMFM.M55543 [1855]
=852  41$31837$aBritish Library$bHMNTS$zMicroform.$jMFM.M55524-5
=852  \\$aBritish Library$bNPL$cLON
=852  41$31877$aBritish Library$bHMNTS$zMicroform.$jMFM.M33742 [1877]
=852  41$31889$aBritish Library$bHMNTS$zMicroform.$jMFM.M29195 [1889]
=852  41$31893$aBritish Library$bHMNTS$zMicroform.$jMFM.M29413 [1893]
=852  41$31856$aBritish Library$bHMNTS$zMicroform.$jMFM.M82639 [1856]
=852  41$31857$aBritish Library$bHMNTS$zMicroform.$jMFM.M82640 [1857]
=852  41$31858$aBritish Library$bHMNTS$zMicroform.$jMFM.M82641 [1858]
=852  41$31859$aBritish Library$bHMNTS$zMicroform.$jMFM.M82642 [1859]
=852  41$31860$aBritish Library$bHMNTS$zMicroform.$jMFM.M82643 [1860]
=852  41$31861$aBritish Library$bHMNTS$zMicroform.$jMFM.M82644 [1861]
=852  41$31862$aBritish Library$bHMNTS$zMicroform.$jMFM.M82645 [1862]
=852  41$31863$aBritish Library$bHMNTS$zMicroform.$jMFM.M82646 [1863]
=852  41$31864$aBritish Library$bHMNTS$zMicroform.$jMFM.M82647 [1864]
=852  41$31865$aBritish Library$bHMNTS$zMicroform.$jMFM.M82648 [1865]
=852  41$31866$aBritish Library$bHMNTS$zMicroform.$jMFM.M82649 [1866]
=852  41$31867$aBritish Library$bHMNTS$zMicroform.$jMFM.M82650 [1867]
=852  41$31868$aBritish Library$bHMNTS$zMicroform.$jMFM.M82651 [1868]
=852  41$31869$aBritish Library$bHMNTS$zMicroform.$jMFM.M82652 [1869]
=852  41$31870$aBritish Library$bHMNTS$zMicroform.$jMFM.M82653 [1870]
=852  41$31856-1902$aBritish Library$bNPL$jNEWS10955
=852  41$31893$aBritish Library$bNPL$cLON$jLD40$xBound with Sunday Times
=852  41$31855-1857$aBritish Library$bNPL$jNEWS11978
=985  \\$aDisaggregated Record: NPL
=985  \\$aUpgraded by BSS-generated file for WR2011-1472
=CAT  \\$aBATCH-NPL$b00$c20070912$lBLL01$h1142
=CAT  \\$aBATCH-856$b50$c20220207$lBLL01$h0756
=CAT  \\$aBATCH-UPD$b50$c20220207$lBLL01$h0820
=CAT  \\$aBATCH-856$b50$c20220214$lBLL01$h0937
=CAT  \\$aBATCH-UPD$b50$c20220214$lBLL01$h1003
=CAT  \\$aBATCH-856$b50$c20220301$lBLL01$h1510
=CAT  \\$aBATCH-UPD$b50$c20220301$lBLL01$h1530
=CAT  \\$aRESET-LEV$b50$c20220302$lBLL01$h0056
=CAT  \\$aRESET-LEV$b50$c20220402$lBLL01$h1728
=CAT  \\$aRESET-LEV$b50$c20220502$lBLL01$h0243
=CAT  \\$aRESET-LEV$b50$c20220602$lBLL01$h2127
=CAT  \\$aRESET-LEV$b50$c20220702$lBLL01$h1730
=CAT  \\$aRESET-LEV$b50$c20220802$lBLL01$h0354
=CAT  \\$aRESET-LEV$b50$c20220902$lBLL01$h2223
=CAT  \\$aRESET-LEV$b50$c20221003$lBLL01$h0415
=CAT  \\$aRESET-LEV$b50$c20221102$lBLL01$h0234
=CAT  \\$aRESET-LEV$b50$c20221202$lBLL01$h2226
=CAT  \\$aRESET-LEV$b50$c20230102$lBLL01$h0302
=CAT  \\$aRESET-LEV$b50$c20230202$lBLL01$h2128
=CAT  \\$aRESET-LEV$b50$c20230302$lBLL01$h2136
=CAT  \\$aRESET-LEV$b50$c20230403$lBLL01$h0242
=CAT  \\$aRESET-LEV$b50$c20230502$lBLL01$h0325
=CAT  \\$aRESET-LEV$b50$c20230602$lBLL01$h2227
=CAT  \\$aRESET-LEV$b50$c20230703$lBLL01$h0509
=CAT  \\$aRESET-LEV$b50$c20230802$lBLL01$h0211
=CAT  \\$aRESET-LEV$b50$c20230902$lBLL01$h1743
=CAT  \\$aRESET-LEV$b50$c20231002$lBLL01$h0446
=FIN  \\$aY
=LEO  \\$aMP35.0000121426.1
=NID  \\$aNID0018780
=SRC  \\$aNPLv17$bbibmp35.20070831.aa
=TCO  \\$aZZZ$c008
=LAS  \\$aRESET-LEV$b50$c20231002$lBLL01$h0446

