=LDR  03168cas a2200721u  4500
=001  013919083
=003  Uk
=005  20220301151025.0
=008  950421d18731974||||||n|||\\\\0\\\||eng\\
=FMT  \\$a  SE
=019  n\$aNLC0037340
=040  \\$aUk$cUk
=082  04$a072.9133$222
=245  00$aWest Lothian Courier and General Advertiser, etc.
=336  \\$atext$2rdacontent
=337  \\$aunmediated$2rdamedia
=338  \\$avolume$2rdacarrier
=651  \0$aBathgate (Scotland)$vNewspapers.
=651  \0$aWest Lothian (Scotland)$vNewspapers.
=752  \\$aScotland$bLothian$dBathgate.$2blnpn
=785  00$tLothian Courier$gno.2577, etc. (1 Feb.-30 Aug.1974; 1 July 1977-4 Sept.1997)$w013919084
=866  \0$aNewspapers :no.46-2576 (7 June 1873-25 Jan. 1974)
=883  0\$aLanguage codes assigned by Bayesian analysis of words present in record$d20200826$qUk$c0.9919
=856  42$31892-1974$uhttp://www.britishnewspaperarchive.co.uk/search/results?TitleId=BL/0002738$yBritish Newspaper Archive
=852  \\$aBritish Library$bNPL$cSCT
=852  41$aBritish Library$bNPL$jNEWS shelfmarks - see explore.bl.uk for full holdings
=852  41$aBritish Library$bHMNTS$zMicroform.$jMFM shelfmarks - see explore.bl.uk for full holdings
=985  \\$aDisaggregated Record: NPL
=985  \\$aUpgraded by BSS-generated file for WR2009-0365
=CAT  \\$aBATCH-NPL$b00$c20070912$lBLL01$h1146
=CAT  \\$aBATCH-856$b50$c20220207$lBLL01$h0756
=CAT  \\$aBATCH-UPD$b50$c20220207$lBLL01$h0821
=CAT  \\$aBATCH-856$b50$c20220214$lBLL01$h0937
=CAT  \\$aBATCH-UPD$b50$c20220214$lBLL01$h1004
=CAT  \\$aBATCH-856$b50$c20220301$lBLL01$h1510
=CAT  \\$aBATCH-UPD$b50$c20220301$lBLL01$h1531
=CAT  \\$aRESET-LEV$b50$c20220302$lBLL01$h0056
=CAT  \\$aRESET-LEV$b50$c20220402$lBLL01$h1728
=CAT  \\$aRESET-LEV$b50$c20220502$lBLL01$h0243
=CAT  \\$aRESET-LEV$b50$c20220602$lBLL01$h2127
=CAT  \\$aRESET-LEV$b50$c20220702$lBLL01$h1730
=CAT  \\$aRESET-LEV$b50$c20220802$lBLL01$h0354
=CAT  \\$aRESET-LEV$b50$c20220902$lBLL01$h2223
=CAT  \\$aRESET-LEV$b50$c20221003$lBLL01$h0415
=CAT  \\$aRESET-LEV$b50$c20221102$lBLL01$h0234
=CAT  \\$aRESET-LEV$b50$c20221202$lBLL01$h2226
=CAT  \\$aRESET-LEV$b50$c20230102$lBLL01$h0303
=CAT  \\$aRESET-LEV$b50$c20230202$lBLL01$h2128
=CAT  \\$aRESET-LEV$b50$c20230302$lBLL01$h2137
=CAT  \\$aRESET-LEV$b50$c20230403$lBLL01$h0242
=CAT  \\$aRESET-LEV$b50$c20230502$lBLL01$h0325
=CAT  \\$aRESET-LEV$b50$c20230602$lBLL01$h2228
=CAT  \\$aRESET-LEV$b50$c20230703$lBLL01$h0509
=CAT  \\$aRESET-LEV$b50$c20230802$lBLL01$h0211
=CAT  \\$aRESET-LEV$b50$c20230902$lBLL01$h1744
=CAT  \\$aRESET-LEV$b50$c20231002$lBLL01$h0447
=FIN  \\$aY
=LEO  \\$aMP35.0000136768
=LKR  \\$aPAR$lBLL01$r78500$nLothian Courier - no.2577, etc. (1 Feb.-30 Aug.1974; 1 July 1977-4 Sept.1997)$b013919084$mWest Lothian Courier and General Advertiser, etc. - no.46-2576 (7 June 1873-25 Jan. 1974)
=NID  \\$aNID0023063
=SRC  \\$aNPLv17$bbibmp35.20070831.aa
=TCO  \\$aZZZ$c008
=LAS  \\$aRESET-LEV$b50$c20231002$lBLL01$h0447

