=LDR  04496cas a2200973u  4500
=001  013922060
=003  Uk
=005  20220301151027.0
=008  950421d18541855||||||p|||\\\\0\\\||eng\\
=FMT  \\$a  SE
=019  n\$aNLC0002571
=019  x\$a2540140106
=040  \\$aUk$cUk
=130  4\$aThe Alliance (London, England : 1854)
=245  04$aThe Alliance.
=260  \\$aLondon
=336  \\$atext$2rdacontent
=337  \\$aunmediated$2rdamedia
=338  \\$avolume$2rdacarrier
=500  \\$aPublished in Manchester from 1854-1919.
=785  00$tAlliance Weekly News$g28 July 1855-28 Dec. 1861$w013922061
=866  \0$ano. 1, etc. (8 July 1854-21 July 1855)
=856  42$31854$uhttp://www.britishnewspaperarchive.co.uk/search/results?TitleId=BL/0003529$yBritish Newspaper Archive
=852  41$31854$aBritish Library$bHMNTS$zOct-Dec$zMicroform$jMFM.M30994 [1854]
=852  41$31854-1855$aBritish Library$bNPL$jNEWS8386
=852  41$31851$aBritish Library$bHMNTS$zMicroform.$jMFM.M77786 [1851]
=852  41$31852$aBritish Library$bHMNTS$zMicroform.$jMFM.M77786 [1852]
=852  41$31851-1868$aBritish Library$bNPL$jNEWS12559
=852  \\$aBritish Library$bNPL$cLON
=852  41$31853$aBritish Library$bHMNTS$zMicroform.$jMFM.M77787 [1853]
=852  41$31854$aBritish Library$bHMNTS$zMicroform.$jMFM.M77787 [1854]
=852  41$31855$aBritish Library$bHMNTS$zMicroform.$jMFM.M77787 [1855]
=852  41$31856$aBritish Library$bHMNTS$zMicroform.$jMFM.M77788 [1856]
=852  41$31857$aBritish Library$bHMNTS$zMicroform.$jMFM.M77788 [1857]
=852  41$31858$aBritish Library$bHMNTS$zMicroform.$jMFM.M77789 [1858]
=852  41$31859$aBritish Library$bHMNTS$zMicroform.$jMFM.M77789 [1859]
=852  41$31860$aBritish Library$bHMNTS$zMicroform.$jMFM.M77790 [1860]
=852  41$31861$aBritish Library$bHMNTS$zMicroform.$jMFM.M77790 [1861]
=852  41$31862$aBritish Library$bHMNTS$zMicroform.$jMFM.M77791 [1862]
=852  41$31863$aBritish Library$bHMNTS$zMicroform.$jMFM.M77791 [1863]
=852  41$31864$aBritish Library$bHMNTS$zJan - 28 Mar$zMicroform.$jMFM.M77792 [1864]
=852  41$31866$aBritish Library$bHMNTS$z19 Feb - Dec$zMicroform.$jMFM.M77792 [1866]
=852  41$31867$aBritish Library$bHMNTS$zMicroform.$jMFM.M77792 [1867]
=852  41$31868$aBritish Library$bHMNTS$zMicroform.$jMFM.M77792 [1868]
=852  41$31854$aBritish Library$bHMNTS$zMicroform.$jMFM.M39404 [1854]
=852  41$31855$aBritish Library$bHMNTS$zMicroform.$jMFM.M5395 [1855]
=852  41$31854-1855$aBritish Library$bHMNTS$zDuplicate set$jLOU.EW S94 [1854]
=852  41$31855$aBritish Library$bHMNTS$jLOU.EW S121 [1855]
=985  \\$aDisaggregated Record: NPL
=CAT  \\$aBATCH-NPL$b00$c20070912$lBLL01$h1148
=CAT  \\$aBATCH-856$b50$c20220207$lBLL01$h0756
=CAT  \\$aBATCH-UPD$b50$c20220207$lBLL01$h0821
=CAT  \\$aBATCH-856$b50$c20220214$lBLL01$h0937
=CAT  \\$aBATCH-UPD$b50$c20220214$lBLL01$h1004
=CAT  \\$aBATCH-856$b50$c20220301$lBLL01$h1510
=CAT  \\$aBATCH-UPD$b50$c20220301$lBLL01$h1531
=CAT  \\$aRESET-LEV$b50$c20220302$lBLL01$h0056
=CAT  \\$aRESET-LEV$b50$c20220402$lBLL01$h1728
=CAT  \\$aRESET-LEV$b50$c20220502$lBLL01$h0243
=CAT  \\$aRESET-LEV$b50$c20220602$lBLL01$h2127
=CAT  \\$aRESET-LEV$b50$c20220702$lBLL01$h1730
=CAT  \\$aRESET-LEV$b50$c20220802$lBLL01$h0354
=CAT  \\$aRESET-LEV$b50$c20220902$lBLL01$h2223
=CAT  \\$aRESET-LEV$b50$c20221003$lBLL01$h0415
=CAT  \\$aRESET-LEV$b50$c20221102$lBLL01$h0234
=CAT  \\$aRESET-LEV$b50$c20221202$lBLL01$h2226
=CAT  \\$aRESET-LEV$b50$c20230102$lBLL01$h0303
=CAT  \\$aRESET-LEV$b50$c20230202$lBLL01$h2128
=CAT  \\$aRESET-LEV$b50$c20230302$lBLL01$h2137
=CAT  \\$aRESET-LEV$b50$c20230403$lBLL01$h0242
=CAT  \\$aRESET-LEV$b50$c20230502$lBLL01$h0325
=CAT  \\$aRESET-LEV$b50$c20230602$lBLL01$h2228
=CAT  \\$aRESET-LEV$b50$c20230703$lBLL01$h0510
=CAT  \\$aRESET-LEV$b50$c20230802$lBLL01$h0211
=CAT  \\$aRESET-LEV$b50$c20230902$lBLL01$h1744
=CAT  \\$aRESET-LEV$b50$c20231002$lBLL01$h0447
=FIN  \\$aY
=LEO  \\$aMP35.0000102520
=LEO  \\$aMP1.0003042158
=LKR  \\$aPAR$lBLL01$r78500$nAlliance Weekly News -28 July 1855-28 Dec. 1861$b013922061$mThe Alliance. - no. 1, etc. (8 July 1854-21 July 1855)
=SRC  \\$aNPLv17$bbibmp35.20070831.aa
=SRC  \\$aBLS01$bbibmp1.200404.2.ad
=TCO  \\$aZZZ$c008
=LAS  \\$aRESET-LEV$b50$c20231002$lBLL01$h0447

