=LDR  05342cas a2201105u  4500
=001  013922062
=003  Uk
=005  20220301151027.0
=008  950421d18621905||||||p|||\\\\0\\\||eng\\
=FMT  \\$a  SE
=019  n\$aNLC0002571
=040  \\$aUk$cUk
=130  4\$aThe Alliance News, etc (London, England : 1862)
=245  04$aThe Alliance News, etc.
=260  \\$aLondon
=336  \\$atext$2rdacontent
=337  \\$aunmediated$2rdamedia
=338  \\$avolume$2rdacarrier
=500  \\$aPublished in Manchester from 1854-1919.
=780  00$tAlliance Weekly News$g28 July 1855-28 Dec. 1861$w013922061
=785  00$tAlliance News & Temperance Reformer$g4 Jan. 1906-May/June 1991$w013922063
=866  \0$a4 Jan. 1862-28 Dec. 1905.
=883  0\$aLanguage codes assigned by Bayesian analysis of words present in record$d20201028$qUk$c0.9010
=856  42$31865, 1877-1883, 1885-1889, 1895-1900$uhttp://www.britishnewspaperarchive.co.uk/search/results?TitleId=BL/0003530$yBritish Newspaper Archive
=852  41$31882$aBritish Library$bNPL$cEW$jS838 [1882]
=852  41$31883$aBritish Library$bNPL$cEW$jS888 [1883]
=852  41$31884$aBritish Library$bNPL$cEW$jS952 [1884]
=852  41$31885$aBritish Library$bNPL$cEW$jS1005 [1885]
=852  \\$aBritish Library$bNPL$cEW
=852  41$31872$aBritish Library$bHMNTS$jLOU.EW S413 [1872]
=852  41$31873$aBritish Library$bHMNTS$jLOU.EW S446 [1873]
=852  41$31876$aBritish Library$bHMNTS$jLOU.EW S528 [1876]
=852  41$31877$aBritish Library$bHMNTS$jLOU.EW S575 [1877]
=852  41$31878$aBritish Library$bHMNTS$jLOU.EW S635 [1878]
=852  41$31879; Unfit for use$aBritish Library$bHMNTS$jLOU.EW S676 [1879]
=852  41$31880; Unfit for use$aBritish Library$bHMNTS$jLOU.EW S745 [1880]
=852  41$31881; Unfit for use$aBritish Library$bHMNTS$jLOU.EW S776A [1881]
=852  41$31882; Unfit for use$aBritish Library$bHMNTS$jLOU.EW S825 [1882]
=852  41$31883; Unfit for use$aBritish Library$bHMNTS$jLOU.EW S904 [1883]
=852  41$31885$aBritish Library$bHMNTS$jLOU.EW S1018 [1885]
=852  41$31887; Unfit for use$aBritish Library$bHMNTS$jLOU.EW S1144 [1887]
=852  41$31888$aBritish Library$bHMNTS$jLOU.EW S1183 [1888]
=852  41$31889$aBritish Library$bHMNTS$jLOU.EW S1320 [1889]
=852  41$31890$aBritish Library$bHMNTS$jLOU.EW S1366 [1890]
=852  41$31891$aBritish Library$bHMNTS$jLOU.EW S1500 [1891]
=852  41$31893$aBritish Library$bHMNTS$jLOU.EW S1721 [1893]
=852  41$31894; Unfit for use$aBritish Library$bHMNTS$jLOU.EW S1774 [1894]
=852  41$31895; Unfit for use$aBritish Library$bHMNTS$jLOU.EW S1972 [1895]
=852  41$31896$aBritish Library$bHMNTS$jLOU.EW S2025 [1896]
=852  41$31897$aBritish Library$bHMNTS$jLOU.EW S255 [1897]
=852  41$31898$aBritish Library$bHMNTS$jLOU.EW S327 [1898]
=852  41$31899$aBritish Library$bHMNTS$jLOU.EW S831 [1899]
=852  41$31900$aBritish Library$bHMNTS$jLOU.EW S872 [1900]
=852  41$31901$aBritish Library$bHMNTS$jLOU.EW 486 [1901]
=852  41$31902$aBritish Library$bHMNTS$jLOU.EW 175 [1902]
=852  41$31903$aBritish Library$bHMNTS$jLOU.EW 990 [1903]
=852  41$31904$aBritish Library$bHMNTS$jLOU.EW 1106 [1904]
=852  41$31905$aBritish Library$bHMNTS$jLOU.EW 1287 [1905]
=852  41$aBritish Library$bNPL$jNEWS shelfmarks - see explore.bl.uk for full holdings
=852  41$aBritish Library$bHMNTS$zMicroform.$jMFM shelfmarks - see explore.bl.uk for full holdings
=985  \\$aDisaggregated Record: NPL
=985  \\$aUpgraded by BSS-generated file for WR2011-1472
=CAT  \\$aBATCH-NPL$b00$c20070912$lBLL01$h1148
=CAT  \\$aBATCH-856$b50$c20220207$lBLL01$h0756
=CAT  \\$aBATCH-UPD$b50$c20220207$lBLL01$h0821
=CAT  \\$aBATCH-856$b50$c20220214$lBLL01$h0937
=CAT  \\$aBATCH-UPD$b50$c20220214$lBLL01$h1004
=CAT  \\$aBATCH-856$b50$c20220301$lBLL01$h1510
=CAT  \\$aBATCH-UPD$b50$c20220301$lBLL01$h1531
=CAT  \\$aRESET-LEV$b50$c20220302$lBLL01$h0056
=CAT  \\$aRESET-LEV$b50$c20220402$lBLL01$h1728
=CAT  \\$aRESET-LEV$b50$c20220502$lBLL01$h0243
=CAT  \\$aRESET-LEV$b50$c20220602$lBLL01$h2127
=CAT  \\$aRESET-LEV$b50$c20220702$lBLL01$h1730
=CAT  \\$aRESET-LEV$b50$c20220802$lBLL01$h0354
=CAT  \\$aRESET-LEV$b50$c20220902$lBLL01$h2223
=CAT  \\$aRESET-LEV$b50$c20221003$lBLL01$h0415
=CAT  \\$aRESET-LEV$b50$c20221102$lBLL01$h0234
=CAT  \\$aRESET-LEV$b50$c20221202$lBLL01$h2226
=CAT  \\$aRESET-LEV$b50$c20230102$lBLL01$h0303
=CAT  \\$aRESET-LEV$b50$c20230202$lBLL01$h2128
=CAT  \\$aRESET-LEV$b50$c20230302$lBLL01$h2137
=CAT  \\$aRESET-LEV$b50$c20230403$lBLL01$h0242
=CAT  \\$aRESET-LEV$b50$c20230502$lBLL01$h0325
=CAT  \\$aRESET-LEV$b50$c20230602$lBLL01$h2228
=CAT  \\$aRESET-LEV$b50$c20230703$lBLL01$h0510
=CAT  \\$aRESET-LEV$b50$c20230802$lBLL01$h0211
=CAT  \\$aRESET-LEV$b50$c20230902$lBLL01$h1744
=CAT  \\$aRESET-LEV$b50$c20231002$lBLL01$h0447
=FIN  \\$aY
=LEO  \\$aMP35.0000102520.2
=LKR  \\$aPAR$lBLL01$r78500$nAlliance News & Temperance Reformer -4 Jan. 1906-May/June 1991$b013922063$mThe Alliance News, etc. - 4 Jan. 1862-28 Dec. 1905.
=SRC  \\$aNPLv17$bbibmp35.20070831.aa
=TCO  \\$aZZZ$c008
=LAS  \\$aRESET-LEV$b50$c20231002$lBLL01$h0447

