=LDR  04037cas a2200901u  4500
=001  013922998
=003  Uk
=005  20220301151027.0
=008  950421d18571862||||||n|||\\\\0\\\||eng\\
=FMT  \\$a  SE
=019  n\$aNLC0004123
=040  \\$aUk$cUk
=082  04$a072.1$222
=245  04$aThe Union.
=336  \\$atext$2rdacontent
=337  \\$aunmediated$2rdamedia
=338  \\$avolume$2rdacarrier
=500  \\$aDiscontinued.
=500  \\$aAn ecclesiastical, political, and literary newspaper.
=651  \0$aLondon (England)$vNewspapers.
=752  \\$aEngland$dLondon.$2blnpn
=866  \0$aNewspapers :no.1-288 (2 Jan 1857 - 27 June 1862)
=883  0\$aLanguage codes assigned by Bayesian analysis of words present in record$d20201028$qUk$c0.9010
=856  42$31857-1862$uhttp://www.britishnewspaperarchive.co.uk/search/results?TitleId=BL/0002994$yBritish Newspaper Archive
=852  41$31851$aBritish Library$bHMNTS$zMicroform.$jMFM.M77786 [1851]
=852  41$31852$aBritish Library$bHMNTS$zMicroform.$jMFM.M77786 [1852]
=852  41$31851-1868$aBritish Library$bNPL$jNEWS12559
=852  \\$aBritish Library$bNPL$cLON
=852  41$31853$aBritish Library$bHMNTS$zMicroform.$jMFM.M77787 [1853]
=852  41$31854$aBritish Library$bHMNTS$zMicroform.$jMFM.M77787 [1854]
=852  41$31855$aBritish Library$bHMNTS$zMicroform.$jMFM.M77787 [1855]
=852  41$31856$aBritish Library$bHMNTS$zMicroform.$jMFM.M77788 [1856]
=852  41$31857$aBritish Library$bHMNTS$zMicroform.$jMFM.M77788 [1857]
=852  41$31858$aBritish Library$bHMNTS$zMicroform.$jMFM.M77789 [1858]
=852  41$31859$aBritish Library$bHMNTS$zMicroform.$jMFM.M77789 [1859]
=852  41$31860$aBritish Library$bHMNTS$zMicroform.$jMFM.M77790 [1860]
=852  41$31861$aBritish Library$bHMNTS$zMicroform.$jMFM.M77790 [1861]
=852  41$31862$aBritish Library$bHMNTS$zMicroform.$jMFM.M77791 [1862]
=852  41$31863$aBritish Library$bHMNTS$zMicroform.$jMFM.M77791 [1863]
=852  41$31864$aBritish Library$bHMNTS$zJan - 28 Mar$zMicroform.$jMFM.M77792 [1864]
=852  41$31866$aBritish Library$bHMNTS$z19 Feb - Dec$zMicroform.$jMFM.M77792 [1866]
=852  41$31867$aBritish Library$bHMNTS$zMicroform.$jMFM.M77792 [1867]
=852  41$31868$aBritish Library$bHMNTS$zMicroform.$jMFM.M77792 [1868]
=852  41$31857-1862$aBritish Library$bNPL$jNEWS13918
=985  \\$aUpgraded by BSS-generated file for WR2011-1472
=CAT  \\$aBATCH-NPL$b00$c20070912$lBLL01$h1148
=CAT  \\$aBATCH-856$b50$c20220207$lBLL01$h0756
=CAT  \\$aBATCH-UPD$b50$c20220207$lBLL01$h0821
=CAT  \\$aBATCH-856$b50$c20220214$lBLL01$h0937
=CAT  \\$aBATCH-UPD$b50$c20220214$lBLL01$h1004
=CAT  \\$aBATCH-856$b50$c20220301$lBLL01$h1510
=CAT  \\$aBATCH-UPD$b50$c20220301$lBLL01$h1531
=CAT  \\$aRESET-LEV$b50$c20220302$lBLL01$h0056
=CAT  \\$aRESET-LEV$b50$c20220402$lBLL01$h1728
=CAT  \\$aRESET-LEV$b50$c20220502$lBLL01$h0243
=CAT  \\$aRESET-LEV$b50$c20220602$lBLL01$h2127
=CAT  \\$aRESET-LEV$b50$c20220702$lBLL01$h1730
=CAT  \\$aRESET-LEV$b50$c20220802$lBLL01$h0354
=CAT  \\$aRESET-LEV$b50$c20220902$lBLL01$h2223
=CAT  \\$aRESET-LEV$b50$c20221003$lBLL01$h0415
=CAT  \\$aRESET-LEV$b50$c20221102$lBLL01$h0234
=CAT  \\$aRESET-LEV$b50$c20221202$lBLL01$h2226
=CAT  \\$aRESET-LEV$b50$c20230102$lBLL01$h0303
=CAT  \\$aRESET-LEV$b50$c20230202$lBLL01$h2128
=CAT  \\$aRESET-LEV$b50$c20230302$lBLL01$h2137
=CAT  \\$aRESET-LEV$b50$c20230403$lBLL01$h0242
=CAT  \\$aRESET-LEV$b50$c20230502$lBLL01$h0325
=CAT  \\$aRESET-LEV$b50$c20230602$lBLL01$h2228
=CAT  \\$aRESET-LEV$b50$c20230703$lBLL01$h0510
=CAT  \\$aRESET-LEV$b50$c20230802$lBLL01$h0211
=CAT  \\$aRESET-LEV$b50$c20230902$lBLL01$h1744
=CAT  \\$aRESET-LEV$b50$c20231002$lBLL01$h0447
=FIN  \\$aY
=LEO  \\$aMP35.0000104031
=NID  \\$aNID0025745
=SRC  \\$aNPLv17$bbibmp35.20070831.aa
=TCO  \\$aZZZ$c008
=LAS  \\$aRESET-LEV$b50$c20231002$lBLL01$h0447

