=LDR  16698cas a2203469u  4500
=001  013924880
=003  Uk
=005  20220301151028.0
=008  950421d18391890||||||n|||\\\\0\\\||eng\\
=FMT  \\$a  SE
=019  n\$aNLC0010405
=040  \\$aUk$cUk
=082  04$a072.91812$222
=245  04$aThe Longford Journal.
=336  \\$atext$2rdacontent
=337  \\$aunmediated$2rdamedia
=338  \\$avolume$2rdacarrier
=500  \\$a1886-88 imperfect.
=500  \\$aMicrofilm: 1851-1890.
=651  \0$aLongford (Ireland : County)$vNewspapers.
=651  \0$aLongford (Longford, Ireland)$vNewspapers.
=752  \\$aIreland$bCo. Longford$dLongford.$2blnpn
=785  00$tLongford Journal and Midland Times$g7 Jan.1899-15 Aug.1914$w013924881
=866  \0$aNewspapers :vol.1, etc (5 Jan.1839-10 July 1869; 1 Jan.1870-1 Sept.,6 Oct.,10 Nov.1888; 27 April,6-20 July,10,24 Aug.-7 Sept.,26 Oct.-16 Nov.1889; 18 Jan.,8 March 1890)
=883  0\$aLanguage codes assigned by Bayesian analysis of words present in record$d20200826$qUk$c0.9919
=856  42$31850-1874, 1876-1880, 1882-1883$uhttp://www.britishnewspaperarchive.co.uk/search/results?TitleId=BL/0001879$yBritish Newspaper Archive
=852  41$31860$aBritish Library$bNPL$cIRL$j28 [1860]
=852  \\$aBritish Library$bNPL$cIRL
=852  \\$aBritish Library$bNPL$cIRL
=852  \\$aBritish Library$bNPL$cIRL
=852  \\$aBritish Library$bNPL$cIRL
=852  \\$aBritish Library$bNPL$cIRL
=852  \\$aBritish Library$bNPL$cIRL
=852  41$31851$aBritish Library$bNPL$cIRL$j29 [1851]
=852  41$31852$aBritish Library$bNPL$cIRL$j52 [1852]
=852  41$31853$aBritish Library$bNPL$cIRL$j29 [1853]
=852  41$31854$aBritish Library$bNPL$cIRL$j36 [1854]
=852  41$31855$aBritish Library$bNPL$cIRL$j58 [1855]
=852  41$31856$aBritish Library$bNPL$cIRL$j42 [1856]
=852  41$31857$aBritish Library$bNPL$cIRL$j49 [1857]
=852  41$31858$aBritish Library$bNPL$cIRL$j45 [1858]
=852  41$31859$aBritish Library$bNPL$cIRL$j61 [1859]
=852  41$31863$aBritish Library$bNPL$cIRL$j59 [1863]
=852  41$31861$aBritish Library$bNPL$cIRL$j29 [1861]
=852  41$31862$aBritish Library$bNPL$cIRL$j55 [1862]
=852  41$31864$aBritish Library$bNPL$cIRL$j54 [1864]
=852  41$31865$aBritish Library$bNPL$cIRL$j34 [1865]
=852  41$31866$aBritish Library$bNPL$cIRL$j40 [1866]
=852  41$31867$aBritish Library$bNPL$cIRL$j28 [1867]
=852  41$31868$aBritish Library$bNPL$cIRL$j11 [1868]
=852  41$31869$aBritish Library$bNPL$cIRL$j46 [1869]
=852  41$31870$aBritish Library$bNPL$cIRL$j19 [1870]
=852  41$31871$aBritish Library$bNPL$cIRL$j67 [1871]
=852  41$31872$aBritish Library$bNPL$cIRL$j66 [1872]
=852  41$31873$aBritish Library$bNPL$cIRL$j1 [1873]
=852  41$31879$aBritish Library$bNPL$cIRL$j68 [1879]
=852  41$31880$aBritish Library$bNPL$cIRL$j74 [1880]
=852  41$31881$aBritish Library$bNPL$cIRL$j13 [1881]
=852  41$31882$aBritish Library$bNPL$cIRL$j43 [1882]
=852  41$31883$aBritish Library$bNPL$cIRL$j59 [1883]
=852  41$31884$aBritish Library$bNPL$cIRL$j15 [1884]
=852  41$31886$aBritish Library$bNPL$cIRL$j47 [1886]
=852  41$31888$aBritish Library$bNPL$cIRL$j75 [1888]
=852  41$31889$aBritish Library$bNPL$cIRL$j51 [1889]
=852  41$31851$aBritish Library$bNPL$cIRL$j13 [1851]
=852  41$31852$aBritish Library$bNPL$cIRL$j32 [1852]
=852  41$31853$aBritish Library$bNPL$cIRL$j5 [1853]
=852  41$31854$aBritish Library$bNPL$cIRL$j54 [1854]
=852  41$31855$aBritish Library$bNPL$cIRL$j1 [1855]
=852  41$31856$aBritish Library$bNPL$cIRL$j53 [1856]
=852  41$31857$aBritish Library$bNPL$cIRL$j7 [1857]
=852  41$31858$aBritish Library$bNPL$cIRL$j4 [1858]
=852  41$31859$aBritish Library$bNPL$cIRL$j8 [1859]
=852  41$31860$aBritish Library$bNPL$cIRL$j66 [1860]
=852  41$31861$aBritish Library$bNPL$cIRL$j6 [1861]
=852  41$31862$aBritish Library$bNPL$cIRL$j11 [1862]
=852  41$31863$aBritish Library$bNPL$cIRL$j65 [1863]
=852  41$31865$aBritish Library$bNPL$cIRL$j8 [1865]
=852  41$31866$aBritish Library$bNPL$cIRL$j9 [1866]
=852  41$31867$aBritish Library$bNPL$cIRL$j63 [1867]
=852  41$31868$aBritish Library$bNPL$cIRL$j7 [1868]
=852  41$31869$aBritish Library$bNPL$cIRL$j8 [1869]
=852  41$31870$aBritish Library$bNPL$cIRL$j7 [1870]
=852  41$31871$aBritish Library$bNPL$cIRL$j34 [1871]
=852  41$31872$aBritish Library$bNPL$cIRL$j57 [1872]
=852  41$31873$aBritish Library$bNPL$cIRL$j39 [1873]
=852  41$31851$aBritish Library$bNPL$cIRL$j17 [1851]
=852  41$31852$aBritish Library$bNPL$cIRL$j26 [1852]
=852  41$31853$aBritish Library$bNPL$cIRL$j3 [1853]
=852  41$31854$aBritish Library$bNPL$cIRL$j55 [1854]
=852  41$31855$aBritish Library$bNPL$cIRL$j9 [1855]
=852  41$31856$aBritish Library$bNPL$cIRL$j15 [1856]
=852  41$31857$aBritish Library$bNPL$cIRL$j6 [1857]
=852  41$31858$aBritish Library$bNPL$cIRL$j3 [1858]
=852  41$31859$aBritish Library$bNPL$cIRL$j55 [1859]
=852  41$31860$aBritish Library$bNPL$cIRL$j67 [1860]
=852  41$31861$aBritish Library$bNPL$cIRL$j7 [1861]
=852  41$31862$aBritish Library$bNPL$cIRL$j12 [1862]
=852  41$31863$aBritish Library$bNPL$cIRL$j66 [1863]
=852  41$31864$aBritish Library$bNPL$cIRL$j14 [1864]
=852  41$31865$aBritish Library$bNPL$cIRL$j55 [1865]
=852  41$31866$aBritish Library$bNPL$cIRL$j19 [1866]
=852  41$31867$aBritish Library$bNPL$cIRL$j29 [1867]
=852  41$31868$aBritish Library$bNPL$cIRL$j70 [1868]
=852  41$31869$aBritish Library$bNPL$cIRL$j13 [1869]
=852  41$31870$aBritish Library$bNPL$cIRL$j26 [1870]
=852  41$31872$aBritish Library$bNPL$cIRL$j60 [1872]
=852  41$31873$aBritish Library$bNPL$cIRL$j16 [1873]
=852  41$31874$aBritish Library$bNPL$cIRL$j54 [1874]
=852  41$31875$aBritish Library$bNPL$cIRL$j50 [1875]
=852  41$31876$aBritish Library$bNPL$cIRL$j56 [1876]
=852  41$31877$aBritish Library$bNPL$cIRL$j38 [1877]
=852  41$31878$aBritish Library$bNPL$cIRL$j35 [1878]
=852  41$31879$aBritish Library$bNPL$cIRL$j17 [1879]
=852  41$31880$aBritish Library$bNPL$cIRL$j42 [1880]
=852  41$31882$aBritish Library$bNPL$cIRL$j37 [1882]
=852  41$31883$aBritish Library$bNPL$cIRL$j50 [1883]
=852  41$31884$aBritish Library$bNPL$cIRL$j14 [1884]
=852  41$31886$aBritish Library$bNPL$cIRL$j40 [1886]
=852  41$31887$aBritish Library$bNPL$cIRL$j8 [1887]
=852  41$31888$aBritish Library$bNPL$cIRL$j75A [1888]
=852  41$31889$aBritish Library$bNPL$cIRL$j45 [1889]
=852  41$31890$aBritish Library$bNPL$cIRL$j40 [1890]
=852  41$31891$aBritish Library$bNPL$cIRL$j35 [1891]
=852  41$31892$aBritish Library$bNPL$cIRL$j8 [1892]
=852  41$31893$aBritish Library$bNPL$cIRL$j10 [1893]
=852  41$31895$aBritish Library$bNPL$cIRL$j16 [1895]
=852  41$31896$aBritish Library$bNPL$cIRL$j90 [1896]
=852  41$31851$aBritish Library$bNPL$cIRL$j17 [1851]
=852  41$31852$aBritish Library$bNPL$cIRL$j26 [1852]
=852  41$31853$aBritish Library$bNPL$cIRL$j3 [1853]
=852  41$31854$aBritish Library$bNPL$cIRL$j55 [1854]
=852  41$31855$aBritish Library$bNPL$cIRL$j9 [1855]
=852  41$31856$aBritish Library$bNPL$cIRL$j15 [1856]
=852  41$31857$aBritish Library$bNPL$cIRL$j6 [1857]
=852  41$31858$aBritish Library$bNPL$cIRL$j3 [1858]
=852  41$31859$aBritish Library$bNPL$cIRL$j55 [1859]
=852  41$31860$aBritish Library$bNPL$cIRL$j67 [1860]
=852  41$31861$aBritish Library$bNPL$cIRL$j7 [1861]
=852  41$31862$aBritish Library$bNPL$cIRL$j12 [1862]
=852  41$31863$aBritish Library$bNPL$cIRL$j66 [1863]
=852  41$31864$aBritish Library$bNPL$cIRL$j14 [1864]
=852  41$31865$aBritish Library$bNPL$cIRL$j55 [1865]
=852  41$31866$aBritish Library$bNPL$cIRL$j19 [1866]
=852  41$31867$aBritish Library$bNPL$cIRL$j29 [1867]
=852  41$31868$aBritish Library$bNPL$cIRL$j70 [1868]
=852  41$31869$aBritish Library$bNPL$cIRL$j13 [1869]
=852  41$31870$aBritish Library$bNPL$cIRL$j26 [1870]
=852  41$31872$aBritish Library$bNPL$cIRL$j60 [1872]
=852  41$31873$aBritish Library$bNPL$cIRL$j16 [1873]
=852  41$31874$aBritish Library$bNPL$cIRL$j54 [1874]
=852  41$31875$aBritish Library$bNPL$cIRL$j50 [1875]
=852  41$31876$aBritish Library$bNPL$cIRL$j56 [1876]
=852  41$31877$aBritish Library$bNPL$cIRL$j38 [1877]
=852  41$31878$aBritish Library$bNPL$cIRL$j35 [1878]
=852  41$31879$aBritish Library$bNPL$cIRL$j17 [1879]
=852  41$31880$aBritish Library$bNPL$cIRL$j42 [1880]
=852  41$31882$aBritish Library$bNPL$cIRL$j37 [1882]
=852  41$31883$aBritish Library$bNPL$cIRL$j50 [1883]
=852  41$31884$aBritish Library$bNPL$cIRL$j14 [1884]
=852  41$31886$aBritish Library$bNPL$cIRL$j40 [1886]
=852  41$31887$aBritish Library$bNPL$cIRL$j8 [1887]
=852  41$31888$aBritish Library$bNPL$cIRL$j75A [1888]
=852  41$31889$aBritish Library$bNPL$cIRL$j45 [1889]
=852  41$31890$aBritish Library$bNPL$cIRL$j40 [1890]
=852  41$31891$aBritish Library$bNPL$cIRL$j35 [1891]
=852  41$31892$aBritish Library$bNPL$cIRL$j8 [1892]
=852  41$31893$aBritish Library$bNPL$cIRL$j10 [1893]
=852  41$31895$aBritish Library$bNPL$cIRL$j16 [1895]
=852  41$31896$aBritish Library$bNPL$cIRL$j90 [1896]
=852  41$31851$aBritish Library$bNPL$cIRL$j17 [1851]
=852  41$31852$aBritish Library$bNPL$cIRL$j26 [1852]
=852  41$31853$aBritish Library$bNPL$cIRL$j3 [1853]
=852  41$31854$aBritish Library$bNPL$cIRL$j55 [1854]
=852  41$31855$aBritish Library$bNPL$cIRL$j9 [1855]
=852  41$31856$aBritish Library$bNPL$cIRL$j15 [1856]
=852  41$31857$aBritish Library$bNPL$cIRL$j6 [1857]
=852  41$31858$aBritish Library$bNPL$cIRL$j3 [1858]
=852  41$31859$aBritish Library$bNPL$cIRL$j55 [1859]
=852  41$31860$aBritish Library$bNPL$cIRL$j67 [1860]
=852  41$31861$aBritish Library$bNPL$cIRL$j7 [1861]
=852  41$31862$aBritish Library$bNPL$cIRL$j12 [1862]
=852  41$31863$aBritish Library$bNPL$cIRL$j66 [1863]
=852  41$31864$aBritish Library$bNPL$cIRL$j14 [1864]
=852  41$31865$aBritish Library$bNPL$cIRL$j55 [1865]
=852  41$31866$aBritish Library$bNPL$cIRL$j19 [1866]
=852  41$31867$aBritish Library$bNPL$cIRL$j29 [1867]
=852  41$31868$aBritish Library$bNPL$cIRL$j70 [1868]
=852  41$31869$aBritish Library$bNPL$cIRL$j13 [1869]
=852  41$31870$aBritish Library$bNPL$cIRL$j26 [1870]
=852  41$31872$aBritish Library$bNPL$cIRL$j60 [1872]
=852  41$31873$aBritish Library$bNPL$cIRL$j16 [1873]
=852  41$31874$aBritish Library$bNPL$cIRL$j54 [1874]
=852  41$31875$aBritish Library$bNPL$cIRL$j50 [1875]
=852  41$31876$aBritish Library$bNPL$cIRL$j56 [1876]
=852  41$31877$aBritish Library$bNPL$cIRL$j38 [1877]
=852  41$31878$aBritish Library$bNPL$cIRL$j35 [1878]
=852  41$31879$aBritish Library$bNPL$cIRL$j17 [1879]
=852  41$31880$aBritish Library$bNPL$cIRL$j42 [1880]
=852  41$31882$aBritish Library$bNPL$cIRL$j37 [1882]
=852  41$31883$aBritish Library$bNPL$cIRL$j50 [1883]
=852  41$31884$aBritish Library$bNPL$cIRL$j14 [1884]
=852  41$31886$aBritish Library$bNPL$cIRL$j40 [1886]
=852  41$31887$aBritish Library$bNPL$cIRL$j8 [1887]
=852  41$31888$aBritish Library$bNPL$cIRL$j75A [1888]
=852  41$31889$aBritish Library$bNPL$cIRL$j45 [1889]
=852  41$31890$aBritish Library$bNPL$cIRL$j40 [1890]
=852  41$31891$aBritish Library$bNPL$cIRL$j35 [1891]
=852  41$31892$aBritish Library$bNPL$cIRL$j8 [1892]
=852  41$31893$aBritish Library$bNPL$cIRL$j10 [1893]
=852  41$31895$aBritish Library$bNPL$cIRL$j16 [1895]
=852  41$31896$aBritish Library$bNPL$cIRL$j90 [1896]
=852  41$31851$aBritish Library$bNPL$cIRL$j17 [1851]
=852  41$31852$aBritish Library$bNPL$cIRL$j26 [1852]
=852  41$31853$aBritish Library$bNPL$cIRL$j3 [1853]
=852  41$31854$aBritish Library$bNPL$cIRL$j55 [1854]
=852  41$31855$aBritish Library$bNPL$cIRL$j9 [1855]
=852  41$31856$aBritish Library$bNPL$cIRL$j15 [1856]
=852  41$31857$aBritish Library$bNPL$cIRL$j6 [1857]
=852  41$31858$aBritish Library$bNPL$cIRL$j3 [1858]
=852  41$31859$aBritish Library$bNPL$cIRL$j55 [1859]
=852  41$31860$aBritish Library$bNPL$cIRL$j67 [1860]
=852  41$31861$aBritish Library$bNPL$cIRL$j7 [1861]
=852  41$31862$aBritish Library$bNPL$cIRL$j12 [1862]
=852  41$31863$aBritish Library$bNPL$cIRL$j66 [1863]
=852  41$31864$aBritish Library$bNPL$cIRL$j14 [1864]
=852  41$31865$aBritish Library$bNPL$cIRL$j55 [1865]
=852  41$31866$aBritish Library$bNPL$cIRL$j19 [1866]
=852  41$31867$aBritish Library$bNPL$cIRL$j29 [1867]
=852  41$31868$aBritish Library$bNPL$cIRL$j70 [1868]
=852  41$31869$aBritish Library$bNPL$cIRL$j13 [1869]
=852  41$31870$aBritish Library$bNPL$cIRL$j26 [1870]
=852  41$31872$aBritish Library$bNPL$cIRL$j60 [1872]
=852  41$31873$aBritish Library$bNPL$cIRL$j16 [1873]
=852  41$31874$aBritish Library$bNPL$cIRL$j54 [1874]
=852  41$31875$aBritish Library$bNPL$cIRL$j50 [1875]
=852  41$31876$aBritish Library$bNPL$cIRL$j56 [1876]
=852  41$31877$aBritish Library$bNPL$cIRL$j38 [1877]
=852  41$31878$aBritish Library$bNPL$cIRL$j35 [1878]
=852  41$31879$aBritish Library$bNPL$cIRL$j17 [1879]
=852  41$31880$aBritish Library$bNPL$cIRL$j42 [1880]
=852  41$31882$aBritish Library$bNPL$cIRL$j37 [1882]
=852  41$31883$aBritish Library$bNPL$cIRL$j50 [1883]
=852  41$31884$aBritish Library$bNPL$cIRL$j14 [1884]
=852  41$31886$aBritish Library$bNPL$cIRL$j40 [1886]
=852  41$31887$aBritish Library$bNPL$cIRL$j8 [1887]
=852  41$31888$aBritish Library$bNPL$cIRL$j75A [1888]
=852  41$31889$aBritish Library$bNPL$cIRL$j45 [1889]
=852  41$31890$aBritish Library$bNPL$cIRL$j40 [1890]
=852  41$31891$aBritish Library$bNPL$cIRL$j35 [1891]
=852  41$31892$aBritish Library$bNPL$cIRL$j8 [1892]
=852  41$31893$aBritish Library$bNPL$cIRL$j10 [1893]
=852  41$31895$aBritish Library$bNPL$cIRL$j16 [1895]
=852  41$31896$aBritish Library$bNPL$cIRL$j90 [1896]
=852  41$aBritish Library$bNPL$jNEWS shelfmarks - see explore.bl.uk for full holdings
=852  41$aBritish Library$bHMNTS$zMicroform.$jMFM shelfmarks - see explore.bl.uk for full holdings
=985  \\$aDisaggregated Record: NPL
=985  \\$aUpgraded by BSS-generated file for WR2009-0365
=CAT  \\$aBATCH-NPL$b00$c20070912$lBLL01$h1149
=CAT  \\$aBATCH-856$b50$c20220207$lBLL01$h0756
=CAT  \\$aBATCH-UPD$b50$c20220207$lBLL01$h0822
=CAT  \\$aBATCH-856$b50$c20220214$lBLL01$h0937
=CAT  \\$aBATCH-UPD$b50$c20220214$lBLL01$h1004
=CAT  \\$aBATCH-856$b50$c20220301$lBLL01$h1510
=CAT  \\$aBATCH-UPD$b50$c20220301$lBLL01$h1532
=CAT  \\$aRESET-LEV$b50$c20220302$lBLL01$h0057
=CAT  \\$aRESET-LEV$b50$c20220402$lBLL01$h1729
=CAT  \\$aRESET-LEV$b50$c20220502$lBLL01$h0243
=CAT  \\$aRESET-LEV$b50$c20220602$lBLL01$h2127
=CAT  \\$aRESET-LEV$b50$c20220702$lBLL01$h1730
=CAT  \\$aRESET-LEV$b50$c20220802$lBLL01$h0354
=CAT  \\$aRESET-LEV$b50$c20220902$lBLL01$h2223
=CAT  \\$aRESET-LEV$b50$c20221003$lBLL01$h0416
=CAT  \\$aRESET-LEV$b50$c20221102$lBLL01$h0235
=CAT  \\$aRESET-LEV$b50$c20221202$lBLL01$h2226
=CAT  \\$aRESET-LEV$b50$c20230102$lBLL01$h0304
=CAT  \\$aRESET-LEV$b50$c20230202$lBLL01$h2129
=CAT  \\$aRESET-LEV$b50$c20230302$lBLL01$h2137
=CAT  \\$aRESET-LEV$b50$c20230403$lBLL01$h0242
=CAT  \\$aRESET-LEV$b50$c20230502$lBLL01$h0325
=CAT  \\$aRESET-LEV$b50$c20230602$lBLL01$h2228
=CAT  \\$aRESET-LEV$b50$c20230703$lBLL01$h0510
=CAT  \\$aRESET-LEV$b50$c20230802$lBLL01$h0211
=CAT  \\$aRESET-LEV$b50$c20230902$lBLL01$h1744
=CAT  \\$aRESET-LEV$b50$c20231002$lBLL01$h0447
=FIN  \\$aY
=LEO  \\$aMP35.0000110213
=LKR  \\$aPAR$lBLL01$r78500$nLongford Journal and Midland Times -7 Jan.1899-15 Aug.1914$b013924881$mThe Longford Journal. - vol.1, etc (5 Jan.1839-10 July 1869; 1 Jan.1870-1 Sept.,6 Oct.,10 Nov.1888; 27 April,6-20 July,10,24 Aug.-7 Sept.,26 Oct.-16 Nov.1889; 18 Jan.,8 March 1890)
=NID  \\$aNID0026123
=SRC  \\$aNPLv17$bbibmp35.20070831.aa
=TCO  \\$aZZZ$c008
=LAS  \\$aRESET-LEV$b50$c20231002$lBLL01$h0447

