=LDR  13644cas a2202893u  4500
=001  013924883
=003  Uk
=005  20220301151028.0
=008  950421d18131834||||||n|||\\\\0\\\||eng\\
=FMT  \\$a  SE
=019  n\$aNLC0010426
=040  \\$aUk$cUk
=082  04$a072.91815$222
=245  04$aThe Westmeath Journal.
=336  \\$atext$2rdacontent
=337  \\$aunmediated$2rdamedia
=338  \\$avolume$2rdacarrier
=651  \0$aMullingar (Ireland)$vNewspapers.
=651  \0$aWestmeath (Ireland)$vNewspapers.
=752  \\$aIreland$bCo. Westmeath$dMullingar.$2blnpn
=866  \0$aNewspapers :vol.30, etc (27 May 1813; 2 Jan.1823-1 May 1834)
=883  0\$aLanguage codes assigned by Bayesian analysis of words present in record$d20200826$qUk$c0.9919
=856  42$31823-1834$uhttp://www.britishnewspaperarchive.co.uk/search/results?TitleId=BL/0000858$yBritish Newspaper Archive
=852  41$31851$aBritish Library$bNPL$cIRL$j26 [1851]
=852  41$31852$aBritish Library$bNPL$cIRL$j33 [1852]
=852  41$31853$aBritish Library$bNPL$cIRL$j5 [1853]
=852  41$31855$aBritish Library$bNPL$cIRL$j3 [1855]
=852  41$31854$aBritish Library$bNPL$cIRL$j54 [1854]
=852  41$31856$aBritish Library$bNPL$cIRL$j17 [1856]
=852  41$31857$aBritish Library$bNPL$cIRL$j7 [1857]
=852  41$31858$aBritish Library$bNPL$cIRL$j4 [1858]
=852  41$31859$aBritish Library$bNPL$cIRL$j6 [1859]
=852  41$31860$aBritish Library$bNPL$cIRL$j13 [1860]
=852  41$31861$aBritish Library$bNPL$cIRL$j4 [1861]
=852  41$31862$aBritish Library$bNPL$cIRL$j65 [1862]
=852  41$31863$aBritish Library$bNPL$cIRL$j15 [1863]
=852  41$31864$aBritish Library$bNPL$cIRL$j45 [1864]
=852  41$31865$aBritish Library$bNPL$cIRL$j44 [1865]
=852  41$31866$aBritish Library$bNPL$cIRL$j6 [1866]
=852  41$31867$aBritish Library$bNPL$cIRL$j65 [1867]
=852  41$31868$aBritish Library$bNPL$cIRL$j2 [1868]
=852  41$31869$aBritish Library$bNPL$cIRL$j4 [1869]
=852  41$31870$aBritish Library$bNPL$cIRL$j53 [1870]
=852  41$31871$aBritish Library$bNPL$cIRL$j66 [1871]
=852  41$31872$aBritish Library$bNPL$cIRL$j14 [1872]
=852  41$31873$aBritish Library$bNPL$cIRL$j37 [1873]
=852  41$31874$aBritish Library$bNPL$cIRL$j31 [1874]
=852  41$31875$aBritish Library$bNPL$cIRL$j47 [1875]
=852  41$31876$aBritish Library$bNPL$cIRL$j43 [1876]
=852  41$31877$aBritish Library$bNPL$cIRL$j33 [1877]
=852  41$31878$aBritish Library$bNPL$cIRL$j71 [1878]
=852  41$31879$aBritish Library$bNPL$cIRL$j74 [1879]
=852  41$31880$aBritish Library$bNPL$cIRL$j27 [1880]
=852  41$31881$aBritish Library$bNPL$cIRL$j19 [1881]
=852  41$31882$aBritish Library$bNPL$cIRL$j50 [1882]
=852  41$31851$aBritish Library$bNPL$cIRL$j26 [1851]
=852  41$31852$aBritish Library$bNPL$cIRL$j33 [1852]
=852  41$31853$aBritish Library$bNPL$cIRL$j5 [1853]
=852  41$31855$aBritish Library$bNPL$cIRL$j3 [1855]
=852  41$31854$aBritish Library$bNPL$cIRL$j54 [1854]
=852  41$31856$aBritish Library$bNPL$cIRL$j17 [1856]
=852  41$31857$aBritish Library$bNPL$cIRL$j7 [1857]
=852  41$31858$aBritish Library$bNPL$cIRL$j4 [1858]
=852  41$31859$aBritish Library$bNPL$cIRL$j6 [1859]
=852  41$31860$aBritish Library$bNPL$cIRL$j13 [1860]
=852  41$31861$aBritish Library$bNPL$cIRL$j4 [1861]
=852  41$31862$aBritish Library$bNPL$cIRL$j65 [1862]
=852  41$31863$aBritish Library$bNPL$cIRL$j15 [1863]
=852  41$31864$aBritish Library$bNPL$cIRL$j45 [1864]
=852  41$31865$aBritish Library$bNPL$cIRL$j44 [1865]
=852  41$31866$aBritish Library$bNPL$cIRL$j6 [1866]
=852  41$31867$aBritish Library$bNPL$cIRL$j65 [1867]
=852  41$31868$aBritish Library$bNPL$cIRL$j2 [1868]
=852  41$31869$aBritish Library$bNPL$cIRL$j4 [1869]
=852  41$31870$aBritish Library$bNPL$cIRL$j53 [1870]
=852  41$31871$aBritish Library$bNPL$cIRL$j66 [1871]
=852  41$31872$aBritish Library$bNPL$cIRL$j14 [1872]
=852  41$31873$aBritish Library$bNPL$cIRL$j37 [1873]
=852  41$31874$aBritish Library$bNPL$cIRL$j31 [1874]
=852  41$31875$aBritish Library$bNPL$cIRL$j47 [1875]
=852  41$31876$aBritish Library$bNPL$cIRL$j43 [1876]
=852  41$31877$aBritish Library$bNPL$cIRL$j33 [1877]
=852  41$31878$aBritish Library$bNPL$cIRL$j71 [1878]
=852  41$31879$aBritish Library$bNPL$cIRL$j74 [1879]
=852  41$31880$aBritish Library$bNPL$cIRL$j27 [1880]
=852  41$31881$aBritish Library$bNPL$cIRL$j19 [1881]
=852  41$31882$aBritish Library$bNPL$cIRL$j50 [1882]
=852  41$31851$aBritish Library$bNPL$cIRL$j26 [1851]
=852  41$31852$aBritish Library$bNPL$cIRL$j33 [1852]
=852  41$31853$aBritish Library$bNPL$cIRL$j5 [1853]
=852  41$31855$aBritish Library$bNPL$cIRL$j3 [1855]
=852  41$31854$aBritish Library$bNPL$cIRL$j54 [1854]
=852  41$31856$aBritish Library$bNPL$cIRL$j17 [1856]
=852  41$31857$aBritish Library$bNPL$cIRL$j7 [1857]
=852  41$31858$aBritish Library$bNPL$cIRL$j4 [1858]
=852  41$31859$aBritish Library$bNPL$cIRL$j6 [1859]
=852  41$31860$aBritish Library$bNPL$cIRL$j13 [1860]
=852  41$31861$aBritish Library$bNPL$cIRL$j4 [1861]
=852  41$31862$aBritish Library$bNPL$cIRL$j65 [1862]
=852  41$31863$aBritish Library$bNPL$cIRL$j15 [1863]
=852  41$31864$aBritish Library$bNPL$cIRL$j45 [1864]
=852  41$31865$aBritish Library$bNPL$cIRL$j44 [1865]
=852  41$31866$aBritish Library$bNPL$cIRL$j6 [1866]
=852  41$31867$aBritish Library$bNPL$cIRL$j65 [1867]
=852  41$31868$aBritish Library$bNPL$cIRL$j2 [1868]
=852  41$31869$aBritish Library$bNPL$cIRL$j4 [1869]
=852  41$31870$aBritish Library$bNPL$cIRL$j53 [1870]
=852  41$31871$aBritish Library$bNPL$cIRL$j66 [1871]
=852  41$31872$aBritish Library$bNPL$cIRL$j14 [1872]
=852  41$31873$aBritish Library$bNPL$cIRL$j37 [1873]
=852  41$31874$aBritish Library$bNPL$cIRL$j31 [1874]
=852  41$31875$aBritish Library$bNPL$cIRL$j47 [1875]
=852  41$31876$aBritish Library$bNPL$cIRL$j43 [1876]
=852  41$31877$aBritish Library$bNPL$cIRL$j33 [1877]
=852  41$31878$aBritish Library$bNPL$cIRL$j71 [1878]
=852  41$31879$aBritish Library$bNPL$cIRL$j74 [1879]
=852  41$31880$aBritish Library$bNPL$cIRL$j27 [1880]
=852  41$31881$aBritish Library$bNPL$cIRL$j19 [1881]
=852  41$31882$aBritish Library$bNPL$cIRL$j50 [1882]
=852  41$31851$aBritish Library$bNPL$cIRL$j26 [1851]
=852  41$31852$aBritish Library$bNPL$cIRL$j33 [1852]
=852  41$31853$aBritish Library$bNPL$cIRL$j5 [1853]
=852  41$31855$aBritish Library$bNPL$cIRL$j3 [1855]
=852  41$31854$aBritish Library$bNPL$cIRL$j54 [1854]
=852  41$31856$aBritish Library$bNPL$cIRL$j17 [1856]
=852  41$31857$aBritish Library$bNPL$cIRL$j7 [1857]
=852  41$31858$aBritish Library$bNPL$cIRL$j4 [1858]
=852  41$31859$aBritish Library$bNPL$cIRL$j6 [1859]
=852  41$31860$aBritish Library$bNPL$cIRL$j13 [1860]
=852  41$31861$aBritish Library$bNPL$cIRL$j4 [1861]
=852  41$31862$aBritish Library$bNPL$cIRL$j65 [1862]
=852  41$31863$aBritish Library$bNPL$cIRL$j15 [1863]
=852  41$31864$aBritish Library$bNPL$cIRL$j45 [1864]
=852  41$31865$aBritish Library$bNPL$cIRL$j44 [1865]
=852  41$31866$aBritish Library$bNPL$cIRL$j6 [1866]
=852  41$31867$aBritish Library$bNPL$cIRL$j65 [1867]
=852  41$31868$aBritish Library$bNPL$cIRL$j2 [1868]
=852  41$31869$aBritish Library$bNPL$cIRL$j4 [1869]
=852  41$31870$aBritish Library$bNPL$cIRL$j53 [1870]
=852  41$31871$aBritish Library$bNPL$cIRL$j66 [1871]
=852  41$31872$aBritish Library$bNPL$cIRL$j14 [1872]
=852  41$31873$aBritish Library$bNPL$cIRL$j37 [1873]
=852  41$31874$aBritish Library$bNPL$cIRL$j31 [1874]
=852  41$31875$aBritish Library$bNPL$cIRL$j47 [1875]
=852  41$31876$aBritish Library$bNPL$cIRL$j43 [1876]
=852  41$31877$aBritish Library$bNPL$cIRL$j33 [1877]
=852  41$31878$aBritish Library$bNPL$cIRL$j71 [1878]
=852  41$31879$aBritish Library$bNPL$cIRL$j74 [1879]
=852  41$31880$aBritish Library$bNPL$cIRL$j27 [1880]
=852  41$31881$aBritish Library$bNPL$cIRL$j19 [1881]
=852  41$31882$aBritish Library$bNPL$cIRL$j50 [1882]
=852  41$31851$aBritish Library$bNPL$cIRL$j15 [1851]
=852  41$31852$aBritish Library$bNPL$cIRL$j22 [1852]
=852  41$31853$aBritish Library$bNPL$cIRL$j21 [1853]
=852  41$31854$aBritish Library$bNPL$cIRL$j59 [1854]
=852  41$31855$aBritish Library$bNPL$cIRL$j9 [1855]
=852  41$31855; Unfit for use$aBritish Library$bNPL$cIRL$j2 [1855]
=852  41$31856$aBritish Library$bNPL$cIRL$j2 [1856]
=852  41$31857$aBritish Library$bNPL$cIRL$j5 [1857]
=852  41$31858$aBritish Library$bNPL$cIRL$j59 [1858]
=852  41$31859$aBritish Library$bNPL$cIRL$j24 [1859]
=852  41$31860$aBritish Library$bNPL$cIRL$j4 [1860]
=852  41$31861$aBritish Library$bNPL$cIRL$j65 [1861]
=852  41$31862$aBritish Library$bNPL$cIRL$j65 [1862]
=852  41$31863$aBritish Library$bNPL$cIRL$j25 [1863]
=852  41$31864$aBritish Library$bNPL$cIRL$j42 [1864]
=852  41$31865$aBritish Library$bNPL$cIRL$j50 [1865]
=852  41$31866$aBritish Library$bNPL$cIRL$j15 [1866]
=852  41$31851$aBritish Library$bNPL$cIRL$j15 [1851]
=852  41$31852$aBritish Library$bNPL$cIRL$j22 [1852]
=852  41$31853$aBritish Library$bNPL$cIRL$j21 [1853]
=852  41$31854$aBritish Library$bNPL$cIRL$j59 [1854]
=852  41$31855$aBritish Library$bNPL$cIRL$j9 [1855]
=852  41$31855; Unfit for use$aBritish Library$bNPL$cIRL$j2 [1855]
=852  41$31856$aBritish Library$bNPL$cIRL$j2 [1856]
=852  41$31857$aBritish Library$bNPL$cIRL$j5 [1857]
=852  41$31858$aBritish Library$bNPL$cIRL$j59 [1858]
=852  41$31859$aBritish Library$bNPL$cIRL$j24 [1859]
=852  41$31860$aBritish Library$bNPL$cIRL$j4 [1860]
=852  41$31861$aBritish Library$bNPL$cIRL$j65 [1861]
=852  41$31862$aBritish Library$bNPL$cIRL$j65 [1862]
=852  41$31863$aBritish Library$bNPL$cIRL$j25 [1863]
=852  41$31864$aBritish Library$bNPL$cIRL$j42 [1864]
=852  41$31865$aBritish Library$bNPL$cIRL$j50 [1865]
=852  41$31866$aBritish Library$bNPL$cIRL$j15 [1866]
=852  41$31851$aBritish Library$bNPL$cIRL$j15 [1851]
=852  41$31852$aBritish Library$bNPL$cIRL$j22 [1852]
=852  41$31853$aBritish Library$bNPL$cIRL$j21 [1853]
=852  41$31854$aBritish Library$bNPL$cIRL$j59 [1854]
=852  41$31855$aBritish Library$bNPL$cIRL$j9 [1855]
=852  41$31855; Unfit for use$aBritish Library$bNPL$cIRL$j2 [1855]
=852  41$31856$aBritish Library$bNPL$cIRL$j2 [1856]
=852  41$31857$aBritish Library$bNPL$cIRL$j5 [1857]
=852  41$31858$aBritish Library$bNPL$cIRL$j59 [1858]
=852  41$31859$aBritish Library$bNPL$cIRL$j24 [1859]
=852  41$31860$aBritish Library$bNPL$cIRL$j4 [1860]
=852  41$31861$aBritish Library$bNPL$cIRL$j65 [1861]
=852  41$31862$aBritish Library$bNPL$cIRL$j65 [1862]
=852  41$31863$aBritish Library$bNPL$cIRL$j25 [1863]
=852  41$31864$aBritish Library$bNPL$cIRL$j42 [1864]
=852  41$31865$aBritish Library$bNPL$cIRL$j50 [1865]
=852  41$31866$aBritish Library$bNPL$cIRL$j15 [1866]
=852  41$31851$aBritish Library$bNPL$cIRL$j41 [1851]
=852  41$31852$aBritish Library$bNPL$cIRL$j35 [1852]
=852  41$31853$aBritish Library$bNPL$cIRL$j49 [1853]
=852  41$31854$aBritish Library$bNPL$cIRL$j41 [1854]
=852  41$31855$aBritish Library$bNPL$cIRL$j16 [1855]
=852  \\$aBritish Library$bNPL$cIRL
=852  41$aBritish Library$bNPL$jNEWS shelfmarks - see explore.bl.uk for full holdings
=852  41$aBritish Library$bHMNTS$zMicroform.$jMFM shelfmarks - see explore.bl.uk for full holdings
=985  \\$aUpgraded by BSS-generated file for WR2009-0365
=CAT  \\$aBATCH-NPL$b00$c20070912$lBLL01$h1149
=CAT  \\$aBATCH-856$b50$c20220207$lBLL01$h0756
=CAT  \\$aBATCH-UPD$b50$c20220207$lBLL01$h0822
=CAT  \\$aBATCH-856$b50$c20220214$lBLL01$h0937
=CAT  \\$aBATCH-UPD$b50$c20220214$lBLL01$h1004
=CAT  \\$aBATCH-856$b50$c20220301$lBLL01$h1510
=CAT  \\$aBATCH-UPD$b50$c20220301$lBLL01$h1532
=CAT  \\$aRESET-LEV$b50$c20220302$lBLL01$h0057
=CAT  \\$aRESET-LEV$b50$c20220402$lBLL01$h1729
=CAT  \\$aRESET-LEV$b50$c20220502$lBLL01$h0243
=CAT  \\$aRESET-LEV$b50$c20220602$lBLL01$h2127
=CAT  \\$aRESET-LEV$b50$c20220702$lBLL01$h1730
=CAT  \\$aRESET-LEV$b50$c20220802$lBLL01$h0354
=CAT  \\$aRESET-LEV$b50$c20220902$lBLL01$h2223
=CAT  \\$aRESET-LEV$b50$c20221003$lBLL01$h0416
=CAT  \\$aRESET-LEV$b50$c20221102$lBLL01$h0235
=CAT  \\$aRESET-LEV$b50$c20221202$lBLL01$h2226
=CAT  \\$aRESET-LEV$b50$c20230102$lBLL01$h0304
=CAT  \\$aRESET-LEV$b50$c20230202$lBLL01$h2129
=CAT  \\$aRESET-LEV$b50$c20230302$lBLL01$h2137
=CAT  \\$aRESET-LEV$b50$c20230403$lBLL01$h0242
=CAT  \\$aRESET-LEV$b50$c20230502$lBLL01$h0325
=CAT  \\$aRESET-LEV$b50$c20230602$lBLL01$h2228
=CAT  \\$aRESET-LEV$b50$c20230703$lBLL01$h0510
=CAT  \\$aRESET-LEV$b50$c20230802$lBLL01$h0211
=CAT  \\$aRESET-LEV$b50$c20230902$lBLL01$h1744
=CAT  \\$aRESET-LEV$b50$c20231002$lBLL01$h0447
=FIN  \\$aY
=LEO  \\$aMP35.0000110234
=NID  \\$aNID0026125
=SRC  \\$aNPLv17$bbibmp35.20070831.aa
=TCO  \\$aZZZ$c008
=LAS  \\$aRESET-LEV$b50$c20231002$lBLL01$h0447

