=LDR  04203cas a2200829u  4500
=001  013943659
=003  Uk
=005  20220301151031.0
=008  950421d17271949||||||n|||\\\\0\\\||eng\\
=FMT  \\$a  SE
=019  n\$aNLC0007814
=040  \\$aUk$cUk
=082  04$a072.615$222
=245  04$aThe Norwich Mercury.
=336  \\$atext$2rdacontent
=337  \\$aunmediated$2rdamedia
=338  \\$avolume$2rdacarrier
=500  \\$aIncorporated with "The North Norfolk News".
=500  \\$aIssues no.1-8,dated 14/21 Jan.-4/11 March 1727, are reprints issued as supplements to "The Norwich Mercury" from 9 Jan. to 12 April 1884.
=500  \\$aThe issue for 9 July 1757 is in the Burney collection.
=500  \\$aWanting Jan.-July 1898; Jan.-Dec.1912.
=500  \\$aMicrofilm: Jan.-Dec.1897; Aug.-Dec.1898; Jan.-Dec.1911.
=651  \0$aNorfolk (England)$vNewspapers.
=651  \0$aNorwich (England)$vNewspapers.
=752  \\$aEngland$bNorfolk$dNorwich.$2blnpn
=866  \0$aNewspapers :no.1, etc (14/21 Jan.-4/11 March 1727; 28 Sept./5 Oct.1728; 24/31 March 1750-22/29 Dec.1753; 19 March,7 May,3,17 Sept.,15 Oct.1757; 23 Sept.1758; 12 Feb.,4,16 July,26 Nov.,24 Dec.1763; 28 July 1764; 5 Oct.,21,28 Dec.1765; 17 Jan.1767; 23 April,22 Oct.,24 Dec.1768; 7,14,21 Jan.,19 Aug.,14.21 Oct.,11 Nov.1769; 13,20 Jan.,3,10,17,24 Feb.,7 April,4,11 Aug.,1 ept.1770; 4 Jan.1772-30 Dec.1775; 6 Dec.1777; 1 Jan.1785-27 Dec. 1788; 1 Aug.1789-24 Dec.1790; 24 Sept.1796; 9 Dec.1797; 3 March,25 Aug.1798; 13 July 1799; 13 Sept.1807; 18 Aug.1810; 16 Oct.1819; 4 Jan.1823-27 May 1949)
=856  42$31727, 1823-1826, 1828-1835, 1837-1844, 1846-1888, 1890-1896, 1899-1905$uhttp://www.britishnewspaperarchive.co.uk/search/results?TitleId=BL/0001669$yBritish Newspaper Archive
=852  41$31832$aBritish Library$bNPL$cEW$j1009C [1831]$xBound with 1831
=852  \\$aBritish Library$bNPL$cEW
=852  41$aBritish Library$bHMNTS$j1888.c.12(45)
=852  41$aBritish Library$bHMNTS$jBurney.Add.90
=852  41$aBritish Library$bHMNTS$jBurney.Add.135.(28)
=852  41$31876$aBritish Library$bNPL$cEW$j299 [1876]
=852  41$31804$aBritish Library$bNPL$jNT79$x8 Dec. 1804 only
=852  41$31804$aBritish Library$bNPL$jNT79$x8 Dec. 1804 only
=852  41$31804$aBritish Library$bNPL$jNT79$x8 Dec. 1804 only
=852  41$aBritish Library$bNPL$jNEWS shelfmarks - see explore.bl.uk for full holdings
=852  41$aBritish Library$bHMNTS$zMicroform.$jMFM shelfmarks - see explore.bl.uk for full holdings
=852  41$aBritish Library$bNPL$jPENN shelfmarks - see explore.bl.uk for full holdings
=CAT  \\$aBATCH-NPL$b00$c20070914$lBLL01$h0207
=CAT  \\$aBATCH-856$b50$c20220207$lBLL01$h0756
=CAT  \\$aBATCH-UPD$b50$c20220207$lBLL01$h0823
=CAT  \\$aBATCH-856$b50$c20220214$lBLL01$h0938
=CAT  \\$aBATCH-UPD$b50$c20220214$lBLL01$h1005
=CAT  \\$aBATCH-856$b50$c20220301$lBLL01$h1510
=CAT  \\$aBATCH-UPD$b50$c20220301$lBLL01$h1533
=CAT  \\$aRESET-LEV$b50$c20220302$lBLL01$h0057
=CAT  \\$aRESET-LEV$b50$c20220402$lBLL01$h1729
=CAT  \\$aRESET-LEV$b50$c20220502$lBLL01$h0243
=CAT  \\$aRESET-LEV$b50$c20220602$lBLL01$h2128
=CAT  \\$aRESET-LEV$b50$c20220702$lBLL01$h1730
=CAT  \\$aRESET-LEV$b50$c20220802$lBLL01$h0355
=CAT  \\$aRESET-LEV$b50$c20220902$lBLL01$h2223
=CAT  \\$aRESET-LEV$b50$c20221003$lBLL01$h0416
=CAT  \\$aRESET-LEV$b50$c20221102$lBLL01$h0235
=CAT  \\$aRESET-LEV$b50$c20221202$lBLL01$h2227
=CAT  \\$aRESET-LEV$b50$c20230102$lBLL01$h0305
=CAT  \\$aRESET-LEV$b50$c20230202$lBLL01$h2129
=CAT  \\$aRESET-LEV$b50$c20230302$lBLL01$h2138
=CAT  \\$aRESET-LEV$b50$c20230403$lBLL01$h0243
=CAT  \\$aRESET-LEV$b50$c20230502$lBLL01$h0326
=CAT  \\$aRESET-LEV$b50$c20230602$lBLL01$h2228
=CAT  \\$aRESET-LEV$b50$c20230703$lBLL01$h0510
=CAT  \\$aRESET-LEV$b50$c20230802$lBLL01$h0212
=CAT  \\$aRESET-LEV$b50$c20230902$lBLL01$h1746
=CAT  \\$aRESET-LEV$b50$c20231002$lBLL01$h0448
=FIN  \\$aY
=LEO  \\$aMP35.0000107669
=NID  \\$aNID0032693
=SRC  \\$aNPLv17$bbibmp35.20070831.aa
=TCO  \\$aZZZ$c008
=LAS  \\$aRESET-LEV$b50$c20231002$lBLL01$h0448

