=LDR  02113 am a2200517   4500
=001  003351816
=003  Uk
=005  20140226103848.0
=008  790217s1711\\\\ne\||||\\\\\\\000\1|eng\c
=FMT  \\$a  BK
=019  x\$a2992770213
=035  \\$a(Uk-ES)006215016
=040  \\$aUk$cUk$edcrmb
=100  1\$aShakespeare, William,$d1564-1616.
=245  10$aJulius Csar.$bA tragedy. Writen [sic] by Mr. W. Shakespear.
=264  \1$aLondon [i.e. The Hague] :$bprinted [for T. Johnson] in the year,$c1711.
=300  \\$a90 pages ;$c16 cm (8)
=336  \\$atext$2rdacontent
=337  \\$aunmediated$2rdamedia
=338  \\$avolume$2rdacarrier
=340  \\$m8vo$2rdabf
=500  \\$aWith Johnson's device on the titlepage.
=500  \\$aAlso issued as part of 'A collection of the best English plays', 1711-22, published by Johnson in The Hague.
=510  4\$aESTC,$cT14952
=600  10$aCaesar, Julius$vDrama.
=648  \7$a1701-1800$2local
=752  \\$aNetherlands$dThe Hague.
=856  41$uhttp://books.google.com/books?vid=BL:A0017989177$yGoogle_Books
=852  41$aBritish Library$bHMNTS$qCopy at RB.23.a.26235. Imperfect: wanting pp. 87-90 containing 'Four songs'. Title page damaged, affecting the '' of Csar
=852  41$aBritish Library$bHMNTS$j11762.de.21.$qCopy at 11762.de.21. Imperfect: wanting pp. 87-90 containing 'Four songs'.
=985  \\$aCorrected by MS generated file for WR# 11/211
=985  \\$aCorrected by MS generated file for WR# 1805-0738
=CAT  \\$aCONV$b00$c20040502$lBLL01$h1003
=CAT  \\$aBATCH-UPD$b00$c20060707$lBLL01$h2056
=CAT  \\$aBATCH$b00$c20091202$lBLL01$h2247
=CAT  \\$aWR11_211$c20131223$lBLL01$h1711
=CAT  \\$aBLSS-CORR$b00$c20131223$lBLL01$h1714
=CAT  \\$a2225$b40$c20140226$lBLL01$h1038
=CAT  \\$aWR14_057$b00$c20140606$lBLL01$h2020
=CAT  \\$aWR14_057$c20140610$lBLL01$h1611
=CAT  \\$a1805-0738$c20181117$lBLL01$h0923
=CAT  \\$a1805-0738$b00$c20181117$lBLL01$h0954
=FIN  \\$aY
=LEO  \\$aMP1.0003577491
=SRC  \\$aBLS01$bbibmp1.200404.2.ad
=LAS  \\$a1805-0738$b00$c20181117$lBLL01$h0954

