=LDR  04193cam a2200697   4500
=001  001765187
=003  Uk
=005  20231012094443.0
=008  231011s1767\\\\fr\\\\\\\\\\\\000\0\fre\c
=FMT  \\$a  BK
=019  x\$a1552680118
=035  \\$a(Uk-ES)006488837
=040  \\$aUk-ES$cUk-ES$edcrmb
=245  00$aRecueil de pieces sur le demele de M. Hume et M. J.J. Rousseau.$bContenant l'Expose succinct, la Justification de J.J. Rousseau, le docteur Pansophe, le Jugement de l'auteur des affiches sur ce demele, avec une lettre de M. Freron, tome septieme de l'Annee litteraire sur le meme sujet.
=264  1\$aA Londres [i.e. Paris?] :$b[s.n.],$cM.DCC.LXVII. [1767]
=300  \\$axij, 92, [2], 22, 28, 46 p. ;$c18 cm (12)
=336  \\$atext$2rdacontent
=337  \\$aunmediated$2rdamedia
=338  \\$avolume$2rdacarrier
=340  \\$m12mo$2rdabf
=520  \\$aCollection of four previously published items, issued together in original sheets with a new title page. First item is by David Hume, originally published 1766; edited and the English portions translated by J.B.A. Suard. Includes correspondence of Rousseau with Hume and others. Second item was originally published 1766. Fourth item originally issued with title page reading: Le docteur Pansophe, ou, Lettre de Monsieur de Voltaire. (Londres, 1767). Contains 2 letters by Voltaire, in the first of which Voltaire denies authorship of the second; the 2nd is sometimes wrongly attributed to abbe Coyer or Charles Bordes. Both letters were also previously published separately.
=500  \\$aThe imprint is false; probably printed in Paris.
=500  \\$a'Declaration adressee par M. d'Alembert aux editeurs' on p. 91-92.
=500  \\$aThe individual items have separate pagination and registers.
=500  \\$aSignatures: a A-G H, chi1 A B(-B6), A-B C, A-C D(-D6).
=510  4\$aESTC,$cT511282
=600  10$aHume, David,$d1711-1776$vCorrespondence.
=600  10$aRousseau, Jean-Jacques,$d1712-1778$vCorrespondence.
=650  \0$aLiterary quarrels$vEarly works to 1800.
=700  1\$aSuard, J. B. A.$q(Jean Baptiste Antoine),$d1734-1817,$etranslator.
=700  1\$aAlembert, Jean Le Rond d',$d1717-1783.
=700  1\$aFreron, Elie-Catherine,$d1718-1776.
=700  12$aHume, David,$d1711-1776.$tExpose succinct de la contestation qui s'est elevee entre M. Hume et M. Rousseau.
=700  12$aVoltaire,$d1694-1778.$tDocteur Pansophe, ou, Lettre de Monsieur de Voltaire.
=740  02$aJustification de J.J. Rousseau, dans la contestation qui lui est survenue avec M. Hume.
=740  02$aJugement de l'auteur des affiches sur ce demele.
=752  \\$aFrance$dParis.
=886  2\$2blmarc$a709$b00$aROUSSEAU$hJean Jacques$tAppendix$p1568/9078.(1.)$x2824350261
=886  2\$2blmarc$a709$b00$aSUARD$hJean Baptiste Antoine$p1568/9078.(1.)$x3163960324
=856  41$uhttp://books.google.co.uk/books?vid=BL:A0019663066$yGoogle_Books
=852  41$aBritish Library$bHMNTS$j1568/9078.(1)$qCopy at 1568/9078.(1). Imperfect: consisting of the first part only; wanting everything after p. 92.
=852  41$aBritish Library$bHMNTS$qCopy at XXXX. Imperfect: consisting of the first part only; wanting everything after p. 92.
=985  \\$aCorrected by MS generated file for WR# 11/211
=985  \\$aCorrected by MS generated file for WR# 1805-0738
=CAT  \\$aCONV$b00$c20040502$lBLL01$h0927
=CAT  \\$aBATCH-UPD$b00$c20070606$lBLL01$h1323
=CAT  \\$aBATCH-UPD$b00$c20070613$lBLL01$h1647
=CAT  \\$aBATCH$b00$c20091128$lBLL01$h2332
=CAT  \\$aWR11_211$c20121019$lBLL01$h1454
=CAT  \\$aBLSS-CORR$b00$c20121019$lBLL01$h1500
=CAT  \\$a8962$b40$c20140106$lBLL01$h1203
=CAT  \\$aBATCH-UPD$b40$c20150727$lBLL01$h0208
=CAT  \\$aWR14_057$b00$c20151129$lBLL01$h1904
=CAT  \\$a1805-0738$c20181012$lBLL01$h1823
=CAT  \\$a1805-0738$b00$c20181012$lBLL01$h1856
=CAT  \\$aW1903-1550$b00$c20190531$lBLL01$h1751
=CAT  \\$a13463$b40$c20231012$lBLL01$h0944
=FIN  \\$aY
=LEO  \\$aMP1.0001860561
=SRC  \\$aBLS01$bbibmp1.200404.2.ac
=LAS  \\$a13463$b40$c20231012$lBLL01$h0944

