=LDR  01657 am a22004453a 4500
=001  000610123
=003  Uk
=005  20160523130852.0
=008  820227s1868\\\\gw\\\\\\\b\\\\000\0\ger\\
=FMT  \\$a  BK
=019  x\$a0541650254
=040  \\$aDLC$beng$cPLF$dDLC$dOCLCQ$dOCLCG$dOCLCF$dOCLCO
=100  1\$aCarmoly, Eliakim,$d1802-1875.
=245  10$aAnnalen der hebraischen Typographie von Riva di Trento, 1558-1562 /$cE. Carmoly.
=250  \\$aZweite Auflage.
=260  \\$aFrankfurt :$bG. Hess,$c1868.
=300  \\$a16 pages ;$c21 cm
=336  \\$atext$2rdacontent
=337  \\$aunmediated$2rdamedia
=338  \\$avolume$2rdacarrier
=650  \0$aPrinting$zItaly$zRiva$xHistory$y16th century.
=650  \0$aPrinting, Hebrew$zItaly$zRiva$xHistory$y16th century.
=650  \0$aEarly printed books$zItaly$zRiva$y16th century$vBibliography.
=651  \0$aRiva (Italy)$xImprints.
=752  \\$aGermany$dFrankfurt am Main.
=856  41$uhttp://books.google.com/books?vid=BL:A0018266764$yGoogle_Books
=852  41$aBritish Library$bHMNTS$j11903.f.33.(2.)
=852  \\$aBritish Library$bOC$k11903.f.33(3)
=985  \\$aCorrected by BSS-generated file for WR# 11/031
=CAT  \\$aCONV$b00$c20040502$lBLL01$h0901
=CAT  \\$a4039$b40$c20091014$lBLL01$h1511
=CAT  \\$aBATCH$b00$c20091126$lBLL01$h2248
=CAT  \\$aBLSS-CORR$b00$c20110311$lBLL01$h1711
=CAT  \\$aWR14_057$b00$c20140606$lBLL01$h2003
=CAT  \\$aWR14_057$c20140610$lBLL01$h1557
=CAT  \\$a11837$b40$c20160523$lBLL01$h1308
=FIN  \\$aY$d20160523
=LEO  \\$aMP1.0000641625
=SRC  \\$aBLS01$bbibmp1.200404.2.aa
=LAS  \\$a11837$b40$c20160523$lBLL01$h1308

